2762 4762
206 360 375 443 Superque
397 342 511 421 ebirrni
532 358 647 439 pocula
670 355 846 422 Mentoris.

204 461 327 525 Natura
348 460 438 523 cultu
460 458 603 543 simplice
625 460 748 544 gratius

249 560 355 625 Divos
376 562 535 636 honorat,
558 580 661 643 prona
682 561 734 629 Iar
755 561 808 624 vel

289 662 380 727 Viva
401 662 485 728 focis
506 663 637 728 adolere
659 665 766 759 thura.

206 801 361 883 Quamvis
383 804 509 868 Sabaeo
530 802 643 867 funera
666 802 800 867 misceas

210 906 339 981 Odore,
362 905 496 969 foetent.
535 905 698 990 Quidquid
719 905 751 967 iu
773 904 921 968 ambitum

248 1005 367 1070 Libido
390 1005 480 1090 cogit
501 1028 558 1070 scu
579 1007 691 1071 labore

289 1111 353 1171 Seu
374 1100 500 1191 pretio',
525 1109 626 1172 minus
649 1109 794 1173 enitescit

208 1248 304 1310 Metu
326 1247 452 1311 veneni.
498 1248 662 1313 Cinnamei
684 1270 814 1334 quoque

205 1349 341 1412 Incensa
362 1348 437 1412 libri
458 1350 573 1435 pagina
595 1352 746 1432 proditur

251 1452 372 1514 Halare
393 1464 574 1534 suspectum
598 1475 765 1535 uaporem.

290 1553 429 1617 Difficile
451 1564 518 1629 est,
543 1553 697 1618 volitante
719 1555 808 1617 lirino

205 1694 310 1757 Nares
334 1695 470 1755 aduncas
493 1696 619 1755 demere
640 1692 792 1775 posteris.

204 1794 341 1876 Impune
362 1796 478 1861 Manes
500 1795 671 1858 subiiciunt
685 1794 746 1858 sibi

192 1894 194 1901 '
247 1898 429 1980 Moresque
451 1899 628 1961 censendos
651 1897 799 1980 supinant

290 1999 454 2082 Factaque
477 1998 649 2062 discutiunt
672 2021 819 2063 avorum.

206 2136 349 2200 Dicenda
370 2137 463 2219 pictis
485 2160 537 2201 res
558 2138 700 2220 phaleris
723 2138 790 2202 sine

206 2241 250 2302 Et
273 2242 392 2323 absque
413 2241 523 2322 palpo.
568 2242 691 2304 Discite
714 2253 874 2304 strenuum

249 2342 373 2406 Audire
396 2356 519 2405 verium.
564 2344 624 2406 Me
646 2343 765 2407 sciente

197 2441 203 2447 ’
291 2445 413 2507 Fabula
437 2465 501 2509 non
524 2457 699 2531 peragetur
720 2446 799 2509 ulla.

205 2584 283 2647 Non
305 2595 352 2646 est
376 2605 476 2647 meum
499 2587 690 2649 descendere
713 2588 750 2648 ad
774 2588 883 2650 oseida

206 2685 337 2766 Impura
359 2687 478 2761 Famae
501 2687 676 2770 attingere
699 2691 864 2762 bracteas;

249 2786 433 2870 Laruisque
454 2788 568 2850 luctari
591 2789 735 2870 superbis

291 2890 360 2952 Aut
382 2889 492 2951 nimias
515 2888 635 2952 acuisse
657 2890 778 2954 laudes.

208 3027 355 3090 Adversa
378 3029 513 3110 quodsi
535 3051 606 3095 sors
628 3029 706 3095 nihi
727 3029 836 3093 diunius

208 3131 378 3211 Nunquam
400 3131 539 3195 serendis
561 3133 796 3197 conditionibus

251 3232 384 3307 Obstet,
408 3234 680 3319 reluctantemque
703 3246 801 3317 cogat
858 3311 860 3313 ι

292 3335 367 3396 Nou
390 3334 449 3396 nisi
471 3334 600 3398 delicias
624 3337 775 3420 loquaces

206 3475 251 3536 Et
272 3473 428 3536 laureatas
451 3475 594 3537 scribere
616 3475 743 3549 literas;

207 3577 322 3656 Sparte
344 3576 473 3650 relicta,
498 3576 669 3658 corripiam
693 3575 790 3640 silens

250 3676 364 3760 Iniqua
386 3688 451 3738 tum
476 3678 591 3741 vindex
614 3699 721 3742 amaro
799 3744 803 3751 ,

196 3801 202 3810 ’
291 3779 404 3841 Secula
428 3780 660 3863 despiciamque
683 3781 762 3843 risu.
