2762 4762
12 384 13 393 ¹
54 448 60 453 ,
124 367 208 433 Vitis
230 388 339 432 amans
361 366 476 431 desudat
496 364 625 430 hrachia
648 366 732 430 lenta
756 384 867 449 super.

66 471 151 536 Haec
171 469 284 533 merita
307 480 355 532 est
376 470 513 532 faecunda
534 468 596 532 viri
618 467 789 550 sapientia,
813 471 906 534 mella

125 573 214 654 Quae
236 571 386 637 redolens
409 571 525 635 Musas
547 570 670 634 miscuit
692 582 723 634 et
744 573 902 636 Veneres.

595 754 649 819 ts.

64 875 139 939 Flos
159 884 289 949 ratum,
313 872 513 955 Sophocles,
536 874 721 937 canentibus
743 873 862 939 occidis
884 874 996 952 anuis,

121 978 206 1042 Dum
227 974 360 1060 stringit
380 974 492 1039 fauces
513 996 577 1038 nra
598 989 738 1041 comesta
760 987 844 1047 tuas.

592 1159 647 1223 47.

62 1278 166 1365 Oqui
187 1275 316 1345 Pieriae
341 1277 506 1354 thalamis,
530 1278 706 1360 Euripide,
728 1280 820 1344 valiis

121 1385 195 1447 Non
219 1368 379 1444 cessatura
401 1392 496 1444 nocte
519 1380 674 1464 quiescis,
699 1403 770 1445 ave.

62 1484 134 1546 Hoc
154 1486 214 1559 sub
236 1484 333 1546 humo
356 1493 387 1544 te
410 1482 493 1545 scire
514 1482 629 1561 velim,
653 1483 710 1546 tibi
732 1505 868 1566 surgere
889 1486 998 1550 latrdes

119 1587 318 1668 Perpetnas,
341 1595 474 1668 quantas
496 1604 628 1668 magnus
651 1585 813 1650 Homerus
835 1589 942 1652 habet.

592 1769 646 1833 48.

60 1889 177 1953 Flenda
199 1885 327 1971 quidem
349 1888 480 1951 muitum
501 1898 555 1950 tna
578 1910 684 1963 mors,
708 1888 884 1972 Euripida,
908 1893 997 1973 qtrod
1017 1902 1049 1954 te

119 1993 201 2054 Esse
225 1991 319 2071 lupos
339 1988 427 2052 soliti
449 1991 629 2053 dissecuere
652 2012 765 2067 canes,
810 2032 813 2037 <

59 2091 241 2154 Lusciniam
263 2111 414 2167 scaenae,
439 2113 586 2174 maguum
611 2095 704 2156 decus
729 2091 926 2170 Erechthei,

119 2193 183 2272 Qui
205 2192 350 2274 sophiam
374 2194 529 2275 Tragieas
553 2193 661 2256 adiicis
685 2198 722 2256 ad
745 2196 905 2256 Veneres.

60 2293 103 2357 At
125 2296 277 2357 tuuurlum
301 2293 359 2378 cipi
382 2295 473 2358 Pella
493 2295 601 2368 dedit,
627 2296 796 2378 cultorque
819 2295 921 2359 [idelis
1155 2299 1174 2360 5

117 2395 281 2460 Pieridum
303 2397 421 2460 coieris
442 2417 526 2459 nune
547 2418 651 2479 prope
674 2396 833 2462 Pieridas.

591 2580 645 2645 49.

58 2700 189 2764 Graecia
214 2711 331 2784 quanta
352 2711 459 2782 patet,
484 2712 718 2764 monumentum
742 2701 926 2783 Euripidis:
955 2721 1029 2767 ossa

118 2805 222 2865 Terra
245 2803 325 2885 tegit
348 2805 530 2878 Macetthn,
554 2814 639 2864 terra
663 2824 809 2884 suprema
836 2805 918 2866 viro.

56 2902 166 2967 Patria
189 2926 278 2989 quae⁴
293 2904 428 2966 Graecis
451 2903 552 2984 patria
576 2914 624 2966 est
645 2904 844 2979 communis,
868 2907 1035 2969 Athenae:

117 3007 215 3070 Musa
237 3005 303 3071 eius
324 3004 462 3088 placuit;
487 3005 555 3067 laus
576 3005 642 3069 sine
669 3006 731 3069 fine
754 3016 871 3069 usanet.
981 3016 986 3022 ’

591 3191 646 3254 50.

54 3309 128 3375 Nou
153 3319 355 3373 monumenta
377 3319 430 3373 tua
451 3309 548 3404 haee,
573 3308 747 3391 Euripide,
772 3319 806 3372 tu
830 3307 931 3394 magis
952 3308 1075 3394 ipsisa‘
1166 3353 1170 3361 ι

116 3413 262 3496 Namque
284 3432 303 3476 a
325 3424 355 3474 te
378 3411 501 3475 tumulo
523 3409 659 3475 maxima
680 3411 766 3477 sarna
790 3412 887 3477 venit.
984 3440 987 3453 =

394 3597 645 3662 ·‘51.

51 3717 128 3783 Nou
152 3716 264 3781 mortis
287 3716 346 3781 tibi
368 3736 463 3781 causa
485 3739 598 3794 canes,
621 3716 795 3800 Euripide,
821 3719 877 3780 sed
900 3736 960 3780 nee

114 3818 301 3897 Femineas,
326 3812 489 3883 Venerem
511 3823 585 3883 dnm
608 3819 693 3902 sugis
716 3821 804 3900 ipse,
828 3818 939 3883 fruor.
1008 3824 1027 3839 ''

54 3919 211 3997 Subduxit
234 3921 322 3983 senio
346 3933 378 3984 te
401 3941 507 3985 mors:
533 3923 693 3986 Arethusa
718 3908 923 4001 sepulchrum

113 4022 291 4086 Praebuit:
314 4008 457 4089 immensi
478 4024 600 4093 iecerat
622 4023 816 4089 Archelens.
841 4008 845 4037 ³

52 4121 122 4186 Nee
143 4134 216 4186 tuus
237 4123 450 4186 hie'ttuuulus
472 4146 522 4187 me
544 4124 665 4198 iudice,
690 4127 746 4188 sed
767 4144 858 4187 sacra
882 4124 1013 4188 Baccho
1154 4124 1175 4188 5

114 4223 227 4289 Vestis
249 4236 281 4288 et
301 4224 333 4289 in
355 4246 472 4290 scaena
493 4236 617 4309 tempus
638 4225 673 4288 in
695 4246 788 4291 omne
811 4224 920 4312 favor.
1028 4230 1033 4239 ’
