2762 4760
232 134 275 262 ar
796 130 799 134 ’
1376 174 1378 281 Ι

232 357 350 438 Quove
370 357 467 420 modo
488 364 536 419 est
558 374 695 439 unquam
718 352 768 415 vis
789 350 920 436 cognita
942 349 1195 434 principiorum,
1297 350 1362 413 185

234 458 385 543 Quidque
407 456 492 521 inter
511 477 580 520 sese
601 466 783 538 permutato
807 453 921 519 ordine
940 464 1092 536 possent,

236 560 273 624 Si
297 582 363 624 non
382 558 451 642 ipsa
474 558 562 622 dedit
581 556 742 641 specimen
765 557 889 620 Natura
913 554 1066 619 creandi?

300 664 447 746 Namque
470 660 515 723 ita
537 658 733 723 multimodis
756 657 862 722 multis
881 655 1061 739 primordia
1084 678 1192 720 rerum

232 766 287 828 Ex
308 762 434 826 infinito
456 760 519 824 iam
542 771 688 843 ternpore
708 758 831 842 percita
854 758 961 843 plagis

231 863 499 949 Ponderibusque
521 861 585 927 suis
606 872 803 928 consuerunt
824 860 952 925 concita
972 859 1054 924 ferri

231 964 499 1050 omnimodisque
519 963 610 1029 coire
630 976 725 1049 atque
747 962 853 1027 omnia
872 972 1074 1044 pertentare,

231 1070 487 1155 Quaequomque
509 1066 594 1130 inter
612 1088 646 1130 se
667 1076 799 1148 possent
821 1085 997 1147 congressa
1018 1085 1147 1137 creare;

230 1173 276 1238 Ut
299 1169 426 1235 nonsit
448 1168 581 1244 mirum,
603 1167 681 1231 siin
701 1166 793 1230 taleis
816 1165 1029 1249 disposituras

230 1260 430 1339 Deciderunt
454 1292 584 1357 quoque
606 1281 638 1333 et
656 1269 689 1332 in
707 1269 799 1333 taleis
822 1290 938 1333 venere
958 1279 1095 1343 meatus,

231 1373 388 1456 Qualibus
408 1376 488 1438 haec
510 1394 618 1436 rerum
641 1370 764 1457 geritur
782 1393 866 1434 nunc
888 1392 1008 1433 summa
1028 1373 1194 1435 novando.
1298 1374 1359 1435 195

297 1477 395 1558 Quod
416 1475 443 1539 si
464 1474 527 1538 iam
547 1496 653 1538 rerum
675 1474 824 1556 ignorem
847 1471 1028 1554 primordia
1050 1494 1132 1556 quae
1154 1471 1240 1548 sint,

230 1581 309 1642 Hoc
330 1588 434 1642 tamen
456 1598 498 1641 ex
517 1575 598 1658 ipsis
621 1574 700 1639 caeli
720 1574 902 1639 rationibus
923 1572 1023 1637 ausim

232 1676 438 1745 Confirmare
461 1678 594 1762 aliisque
613 1698 654 1740 ex
674 1680 771 1740 rebus
790 1679 926 1740 reddere
949 1675 1070 1753 multis,

225 1784 443 1868 Nequaquam
465 1779 561 1845 nobis
584 1778 735 1842 divinitus
757 1800 825 1843 esse
848 1790 992 1861 paratam

231 1885 387 1947 Naturam
410 1904 536 1958 rerum3
558 1892 646 1944 tanta
669 1892 730 1943 stat
752 1881 897 1964 praedita
920 1881 1026 1963 culpa.
1233 1954 1236 1959 ¹
1301 1886 1363 1947 200

279 1984 485 2069 Principio,
508 1995 658 2070 quantum
682 1981 764 2046 caeli
785 1982 867 2067 tegit
892 1981 1028 2066 impetus
1050 1983 1183 2067 ingens,

231 2088 310 2150 Inde
332 2086 457 2150 avidam
478 2098 603 2168 partem
625 2096 749 2149 montes
771 2084 934 2170 silvaeque
958 2085 1099 2148 ferarum

232 2191 429 2265 Possedere,
452 2198 560 2251 teuent
581 2207 678 2269 rupes
701 2197 872 2271 vastaeque
891 2186 1023 2269 paludes

231 2293 278 2354 Et
300 2312 402 2366 mare,
426 2292 514 2375 quod
535 2290 598 2352 late
619 2301 779 2353 terrarum
800 2287 928 2351 distinet
951 2310 1038 2352 oras.

231 2393 312 2456 Inde
332 2395 409 2455 duas
431 2412 536 2473 porro
557 2412 663 2475 prope
683 2390 804 2473 parteis
825 2389 970 2454 fervidus
992 2395 1091 2455 ardor
1301 2398 1363 2459 205

233 2493 455 2579 Assiduusque
477 2492 544 2577 geli
567 2515 658 2557 casus
679 2492 868 2558 mortalibus
891 2493 1009 2557 aufert.

233 2597 331 2677 Quod
353 2605 499 2678 superest
520 2595 609 2670 arvi,
633 2606 737 2658 tamen
760 2593 795 2658 id
811 2606 924 2658 natura
946 2617 1000 2658 sua
1024 2598 1056 2659 vi

233 2696 383 2761 Sentibus
407 2700 564 2772 obducat,
587 2697 620 2759 ni
643 2696 694 2760 vis
714 2698 849 2759 humana
869 2696 1013 2773 resistat,

232 2799 326 2863 Vitai'
350 2820 460 2863 caussa
483 2799 591 2864 valido
615 2810 766 2864 consueta
789 2798 911 2862 bidenti

232 2902 401 2987 Ingemere
420 2911 452 2965 et
473 2911 592 2964 terram
610 2900 731 2984 pressis
748 2901 959 2983 proscindere
978 2904 1111 2967 aratris:
1300 2910 1360 2971 21⁰
1376 2966 1377 2989 ,

232 3003 268 3067 Si
288 3024 353 3067 uon
373 3003 526 3066 fecundas
545 3013 711 3068 vertentes
735 3025 867 3067 vomere
889 3004 999 3090 glebas

232 3109 413 3191 Terraique
436 3106 539 3170 solum
559 3104 745 3189 subigentes
767 3105 865 3169 cimus
884 3110 924 3170 ad
946 3119 1053 3183 ortus,

232 3211 355 3290 Sponte
377 3230 434 3270 sua
456 3218 614 3293 nequeant
635 3206 774 3293 liquidas
793 3207 947 3273 exsistere
969 3209 1002 3273 in
1024 3232 1129 3275 auras.

231 3311 276 3372 Et
297 3321 401 3372 tamen
423 3309 581 3372 interdum
601 3331 719 3394 magno
738 3309 883 3395 quaesita
905 3311 1035 3389 labore,

285 3497 344 3544 186.
365 3496 491 3560 Quidnam
509 3499 539 3545 Ι..
560 3500 590 3544 Η.
630 3497 688 3545 190.
708 3509 860 3548 consuerant
877 3504 957 3548 Bruti.
1002 3502 1061 3551 192.
1076 3513 1184 3563 possent
1200 3510 1258 3554 dedi
1281 3525 1315 3556 ex
1331 3511 1357 3556 Ε.

230 3584 275 3627 pro
287 3571 352 3627 vulg.
363 3572 473 3627 possint.
512 3567 571 3615 195.
591 3569 628 3613 Ex
641 3570 761 3614 obstinato
772 3572 857 3621 bamb.
873 3588 957 3619 errore
969 3587 1008 3629 ap.
1020 3576 1079 3619 Har.
1093 3578 1227 3623 remansit:
1243 3583 1358 3639 genitur.

230 3636 291 3684 2⁰2.
310 3636 420 3698 avidum]
444 3641 531 3696 „quasi
555 3653 599 3684 sua
623 3641 735 3695 portione
758 3655 843 3696 parum
867 3646 987 3697 contenti,
1019 3647 1099 3689 ornuia
1117 3659 1204 3702 rapere
1225 3651 1323 3695 veilent
1340 3657 1360 3695 et

229 3707 343 3763 haurire,
363 3709 381 3751 i.
401 3723 424 3752 e.
444 3723 599 3768 permaguum
617 3711 738 3764 partem.'’
757 3711 831 3754 Wak.
868 3713 936 3768 Quod
956 3726 1027 3770 quum
1046 3728 1094 3758 non
1113 3715 1265 3774 intelligeret
1286 3721 1359 3765 italus
1375 3742 1376 3755 .

229 3781 254 3823 in
273 3791 349 3836 marg.
365 3777 410 3822 Cel.
424 3779 471 3822 mei
484 3779 515 3824 E.
529 3781 672 3834 adscripsit:
692 3780 829 3834 „Fortasse
847 3777 906 3824 hinc
923 3781 1032 3826 mediam
1042 3785 1170 3840 portem.''
1207 3784 1273 3832 206.
1297 3788 1359 3850 geli]

230 3850 270 3892 Sic
283 3848 355 3892 etiarn
373 3846 403 3892 C.
423 3847 470 3902 E.,
496 3850 537 3893 sed
556 3851 580 3893 iu
598 3850 643 3892 hoc
661 3863 784 3904 superscr.
803 3850 873 3909 gelu.
905 3849 997 3895 Nouius
1013 3853 1049 3896 bis
1069 3854 1233 3910 antiquiorem
1252 3857 1359 3903 formam

228 3916 318 3961 firmat.
363 3914 423 3961 212.
442 3919 524 3962 cimus
542 3917 577 3962 ud
593 3918 674 3976 ortus]
694 3920 751 3963 Seii.
766 3920 864 3977 fruges,
884 3921 1008 3979 garmina3
1029 3924 1091 3980 quod
1109 3924 1224 3970 omittere
1244 3932 1357 3981 potarat.

230 3989 285 4044 quia
308 3987 371 4030 uuila
396 3988 493 4031 cannino
518 3988 660 4046 ambiguitas
685 4002 715 4033 ex
741 3989 830 4035 obiecti
855 3991 986 4035 omissione
1011 3992 1145 4037 oriebatur.
1178 3994 1257 4039 Wak.
1281 4001 1357 4042 tame·

228 4057 395 4112 suspicabatur
419 4057 537 4101 excidisse
562 4058 707 4101 versiculum
731 4058 836 4116 aliquem
859 4058 930 4103 huius
953 4059 1005 4103 fere
1030 4063 1178 4107 sententiae:
1207 4062 1356 4111 Herbarum

228 4139 325 4187 genero
342 4139 372 4168 uc
391 4125 531 4170 nitidarum
550 4126 648 4170 samiae
659 4123 782 4186 frugum.
837 4124 897 4176 225.
922 4128 986 4173 oilai'
1001 4132 1029 4175 de
1049 4132 1139 4174 Mureti
1157 4134 1224 4177 coni.
1244 4135 1355 4183 Lamban.

228 4194 316 4251 probb.
327 4194 406 4239 Beati.
418 4209 446 4239 ac
454 4195 539 4253 Preig.
559 4218 593 4228 -
611 4195 740 4248 „Notauda
759 4202 795 4241 est
813 4199 960 4243 constructio
978 4212 1001 4245 v.
1022 4200 1127 4260 indigue
1147 4215 1201 4245 cum
1221 4204 1356 4251 ablativo.”

229 4264 306 4309 Forb.
344 4260 404 4310 227.
424 4265 542 4321 Antiquos
561 4264 598 4308 trie
617 4270 654 4309 est
664 4266 732 4309 locus
742 4269 875 4312 communis
885 4268 913 4313 de
925 4269 1007 4327 ragita
1018 4270 1132 4316 miseriae
1145 4271 1270 4320 humanae
1288 4281 1356 4322 teste.
