2750 4744
17 370 199 432 Assensere
216 366 296 430 uiri.
320 402 361 414 -
384 368 479 431 Nunc
502 390 565 431 non
589 369 666 433 cinis
687 369 740 433 ille
763 372 878 453 po'e'tae

18 469 137 534 Felix?
161 492 227 534 non
249 470 354 533 levior
377 469 491 553 cippus
513 493 596 534 nunc
618 471 769 554 imprimit
791 470 889 536 ossa?

18 575 166 636 Laudant
190 572 360 635 convivae.
384 606 424 618 —
447 574 542 635 Nunc
564 595 627 637 non
651 595 669 637 e
692 573 846 637 Manibus
868 573 951 649 illis,

18 678 112 737 Nunc
136 697 201 738 non
225 696 243 736 c
266 675 388 738 tumulo
410 673 640 761 fortunataque
662 674 771 739 favilla

18 779 204 840 Nascentur
228 776 357 839 violae?
379 810 421 822 -·
443 775 587 853 „Rides,
613 777 674 853 ait,
700 789 732 840 ct
753 778 843 843 nimis
865 778 952 841 rancis
1100 781 1140 840 40

17 879 161 941 Naribus
185 877 343 961 indulges.
390 878 443 940 An
467 878 545 953 erit,
570 879 625 961 qui
648 879 729 942 velle
751 891 878 943 rccuset

19 981 64 1043 Os
87 979 203 1062 populi
225 979 377 1042 meruisse
399 989 431 1041 ct
453 981 551 1048 cedro
574 979 670 1063 digna
693 982 820 1044 locutus

19 1082 185 1163 Linquere
207 1103 266 1144 nec
287 1083 455 1144 scombros
479 1081 644 1144 metuentia
668 1082 805 1144 carmina
829 1104 888 1146 nec
909 1084 1035 1146 thus?”
1059 1117 1100 1130 -

21 1184 172 1266 Quisquis
196 1204 249 1257 es,
275 1204 315 1257 o,
340 1185 436 1245 modo
460 1203 553 1267 quem
577 1205 618 1246 ex
640 1186 778 1248 adverso
802 1185 908 1249 dicere
930 1185 1012 1260 feci,

19 1288 95 1349 Non
119 1306 203 1368 ego,
228 1306 326 1368 quom
349 1284 475 1360 scribo,
500 1286 527 1347 si
548 1286 635 1349 sorte
657 1287 734 1369 quid
755 1287 857 1368 aptius
881 1287 949 1350 exit
969 1320 1011 1336 -
1098 1291 1138 1353 45

19 1387 158 1468 Quando
181 1388 259 1448 haec
281 1407 354 1448 rara
377 1386 444 1448 avis
468 1398 580 1449 est-
602 1388 627 1450 si
651 1387 726 1471 qnid
749 1400 852 1451 tamen
876 1390 980 1472 aptius
1004 1390 1086 1466 exit,

20 1487 162 1551 Laudari
184 1498 338 1560 metuam3
361 1509 465 1570 neque
488 1488 569 1550 enim
594 1488 669 1552 mibi
691 1511 809 1553 cornea
829 1491 911 1554 fibra
934 1504 994 1555 est.

19 1591 82 1653 Sed
103 1589 186 1651 recti
208 1590 366 1671 finemque
390 1601 631 1673 extremumque
654 1613 724 1654 esse
747 1613 861 1656 recuso

20 1693 112 1776 Euge
133 1703 221 1754 trurm
245 1702 277 1753 ct
299 1691 399 1765 belle;
424 1713 493 1753 nam
517 1693 600 1755 belle
622 1694 686 1756 hoc
709 1706 822 1757 exerite
845 1705 968 1770 totum,

21 1794 104 1873 Quid
126 1814 189 1855 nou
212 1792 295 1855 intus
318 1792 439 1856 babet?
461 1814 525 1857 non
547 1795 605 1856 4444Ι
622 1806 671 1856 cst
692 1795 770 1858 llias
794 1795 874 1859 Acci
1098 1799 1139 1860 50

21 1894 120 1957 Ebria
141 1893 298 1958 veratro?
321 1916 383 1958 non
407 1895 432 1957 si
456 1917 517 1979 qua
539 1896 675 1979 elegidia
698 1897 787 1960 crudi

19 1996 190 2060 Dictarnnt
211 1996 392 2078 proceres?
414 2018 477 2059 non
500 1998 652 2082 quidquid
675 1998 809 2080 deniqne
832 1999 920 2063 lectis

21 2098 177 2161 Scribitur
199 2098 231 2161 in
254 2097 384 2162 citreis?
407 2130 448 2143 -
471 2096 617 2162 Calidum
640 2099 702 2162 scis
724 2086 848 2180 ponere
871 2122 1000 2176 suiuen;

20 2200 89 2264 Scis
110 2200 258 2262 comitem
280 2201 480 2264 horridulum
503 2201 579 2271 trita
602 2198 722 2264 donare
744 2202 891 2278 lacerna,

20 2303 80 2378 Et,
105 2304 248 2379 Verum,
273 2302 396 2386 inquis,
422 2322 514 2365 amo:
541 2323 651 2365 verum
674 2303 749 2365 mibi
771 2304 868 2367 dicito
891 2306 929 2366 de
952 2307 1020 2368 mel
1046 2306 1138 2370 -55

21 2404 84 2484 Qui
105 2402 204 2486 pote?
228 2403 275 2469 sis
298 2403 422 2467 dicam?
444 2404 608 2489 Nugaris,
633 2425 732 2491 quom
755 2405 832 2482 tibi,
858 2407 967 2484 calve,

22 2505 154 2590 Pinguis
177 2506 373 2601 aqualiculus
395 2527 559 2590 propenso
582 2506 773 2599 sesquipede
796 2521 911 2573 exstet.

89 2706 130 2754 36.
163 2729 191 2740 -
222 2722 283 2755 aum
307 2721 357 2752 nors
382 2723 405 2753 c.
434 2708 466 2753 A.
492 2733 524 2742 -
551 2716 707 2753 nuncnunc
732 2722 755 2754 c.
782 2710 813 2754 Τ.
835 2731 865 2744 ·-·
884 2723 933 2754 uon
951 2724 1019 2757 nunc
1036 2725 1060 2755 s.
1079 2711 1138 2756 nm.

21 2775 62 2821 ³7.
78 2799 106 2809 -
118 2791 184 2823 nunc
201 2777 280 2822 levior
292 2778 323 2822 Τ.
335 2778 372 2822 lb.
388 2799 417 2809 -
429 2790 489 2821 uum
499 2778 547 2829 Iso,
562 2776 637 2830 SAM,
652 2779 689 2822 lb.
704 2801 737 2822 ·.-
749 2792 799 2822 nors
808 2778 884 2835 impr.
899 2779 950 2827 lid.
972 2776 1014 2823 38.
1028 2798 1060 2814 -
1073 2792 1140 2824 nunc

18 2861 84 2890 aime
101 2861 115 2889 s
132 2861 201 2895 murs.
220 2847 274 2900 Tu.
294 2869 328 2880 -
345 2859 405 2890 rrum
422 2860 488 2890 nunc
506 2861 519 2888 e
537 2860 605 2890 mun.
627 2844 680 2891 SM.
747 2845 789 2893 39.
812 2867 840 2878 -
868 2845 941 2897 Nunc
960 2860 1025 2891 nunc
1044 2862 1057 2890 e
1075 2853 1137 2892 tum.

19 2916 116 2960 TRSM.
134 2918 185 2972 (sed
206 2916 243 2959 M.
265 2922 304 2960 est
324 2912 398 2969 tum.)
410 2913 518 2960 -Num
528 2928 578 2959 non
596 2930 608 2958 s
627 2921 688 2960 turn.
708 2917 737 2960 A.
767 2912 809 2959 41.
830 2916 976 2965 -441444,
997 2913 1039 2960 45.
1055 2923 1138 2961 —tus

19 2986 50 3027 V.
71 2981 113 3028 44.
132 2983 265 3030 -dicsre
275 2981 325 3043 sus
344 2985 423 3028 ssti'.
445 2981 486 3030 45.
508 2984 577 3027 -ss'
595 2981 775 3043 quidforted.
797 2982 1007 3030 ll.-rrec'l'M.
1021 2982 1138 3030 50.iratro

19 3054 55 3100 41,
84 3077 116 3087 -
139 3050 216 3097 bobes
235 3053 265 3097 Ε.
286 3077 319 3088 -
338 3060 377 3097 est
392 3050 434 3096 iric
453 3053 505 3097 Tu.
561 3051 605 3098 54.
624 3067 670 3097 nec
691 3055 715 3098 si
731 3053 762 3099 u.
818 3052 859 3098 52.
879 3066 930 3105 saon
947 3054 972 3098 si
988 3051 1050 3111 quid
1066 3052 1138 3097 deni·

19 3135 65 3180 que
82 3123 113 3166 E.
152 3120 194 3169 55.
220 3120 309 3180 dicito]
336 3123 440 3169 TVAM.
462 3143 491 3156 -·
511 3119 586 3166 dicits
603 3121 673 3169 RES.
711 3120 753 3167 56.
778 3127 896 3180 -potes
917 3123 943 3169 S.
981 3119 1023 3167 57.
1044 3119 1137 3178 exstet]

19 3191 93 3238 ΤΕΑ.
105 3216 137 3225 -
151 3197 239 3236 statut
254 3193 354 3236 RVSM.
369 3215 400 3225 -
414 3191 494 3236 exitst
511 3192 592 3236 Vatic.

23 3293 170 3307 ῃ

88 3350 129 3401 43.
148 3359 189 3398 tus
206 3353 270 3397 PW.
309 3349 350 3398 55.
369 3351 444 3405 dicits
461 3353 504 3397 rP.

88 3511 129 3559 39.
150 3513 274 3560 Tumulus
292 3516 378 3559 dicitur
399 3521 478 3560 tera-ae
495 3517 620 3575 aggestio,
650 3515 689 3558 ubi
706 3514 770 3561 nulla
790 3518 827 3562 est
845 3515 972 3558 memoria.
1011 3511 1052 3558 43.
1074 3515 1139 3571 Quae

25 3583 129 3627 carmina
154 3584 245 3627 nullum
265 3585 398 3639 periculum
417 3585 519 3629 babeant
542 3598 637 3628 manere
663 3585 723 3638 apud
742 3583 937 3627 salsamentarios
962 3587 986 3626 et
1004 3584 1136 3628 thurarios.

21 3652 69 3696 Per
86 3652 216 3698 scombros
238 3651 356 3711 significat
379 3655 590 3711 salsarnentarios3
616 3666 659 3708 per
680 3649 754 3707 thus,
787 3652 969 3711 pigmentarios.
989 3653 1060 3706 („nt.
1091 3667 1141 3697 urs-

21 3722 193 3780 gueuturios.”
210 3720 290 3779 Pitb.)
326 3719 369 3772 44.
389 3722 510 3784 Quisquis
529 3721 567 3782 aa]
592 3722 690 3766 Minnica
708 3727 732 3765 et
750 3722 842 3765 comica
852 3721 1009 3765 exclamatio:
1029 3724 1142 3779 quonism

21 3793 103 3844 poetae
125 3805 310 3848 nonuunquam,
337 3793 427 3836 omisso
451 3798 518 3836 recto
545 3805 675 3844 sermone,
705 3794 772 3833 extra
793 3802 903 3833 scaenam
928 3792 974 3835 soli
996 3792 1138 3849 loquuntur,

21 3861 165 3905 sustinentes
184 3874 311 3917 personam
334 3875 417 3916 sumn,
449 3866 490 3905 aut
506 3862 641 3919 aliquorum
661 3859 783 3903 bominum
805 3859 879 3904 verba
896 3860 1058 3916 interponunt.
1097 3856 1139 3904 50.

22 3926 80 3973 llius
109 3927 183 3989 Acci]
213 3930 299 3974 Accius
327 3929 409 3974 Labeo
443 3931 542 3974 iliadem
569 3929 668 3974 llomcri
696 3928 805 3972 uorsibus
832 3929 972 3974 foedissime
996 3930 1139 3983 composuit.

23 3994 63 4041 54.
80 3997 139 4043 Scis
157 3999 273 4044 comitem
290 3996 461 4058 horridulum]
480 4000 533 4048 Scis
556 3999 651 4043 birrum
675 3997 782 4047 attritum
802 3997 883 4040 comiti
904 3998 1049 4041 condonare.
1092 3995 1141 4040 La-

22 4079 108 4121 cerua,
134 4070 233 4123 pallium
252 4067 417 4124 fimbriatum,
446 4082 493 4125 quo
511 4069 570 4112 olim
594 4067 640 4111 soli
663 4067 751 4110 milites
774 4066 930 4121 relabantur;
951 4065 1070 4118 paenula,
1090 4064 1140 4117 pal·

22 4136 75 4180 lium
92 4150 148 4181 cnm
169 4137 272 4187 fimbriis
296 4138 385 4201 longis.
436 4135 478 4183 56.
497 4135 550 4197 Qus'
560 4133 648 4197 polsi]
668 4137 770 4179 Tractus
789 4147 873 4179 sensus
893 4147 921 4177 ex
937 4132 1031 4176 Graeco
1051 4144 1139 4183 versu,

23 4218 64 4260 quo
80 4204 248 4264 significatur,
268 4220 298 4255 ex
318 4213 401 4253 ventre
420 4219 504 4250 crasso
522 4211 617 4250 tenuem
638 4218 735 4250 sensum
749 4217 796 4248 non
810 4202 885 4246 nasci.
922 4195 1068 4255 (,,Παχεῖα
1086 4210 1141 4258 γα-

23 4268 93 4346 στῆρ
112 4271 222 4326 λεπτὸν
240 4269 279 4324 ov’
297 4274 388 4326 τίκτει
404 4270 503 4325 νόον.”
520 4272 600 4327 Pub.)
