2750 4744
40 339 197 427 Corpora
218 340 548 431 disponens-mentem
573 362 636 406 non
660 343 739 409 vidit
760 345 793 408 in
819 358 905 422 arte;
928 349 934 357 '

101 443 208 505 Recta
231 441 325 523 animi
345 440 484 523 primum
508 444 616 506 debuit
637 466 705 508 esse
725 447 788 510 via.

39 542 137 604 Nunc
158 541 307 609 marisia
329 553 450 605 tantum
473 554 569 608 vento
587 545 742 608 iactamur
772 560 804 610 et
825 550 948 613 hostem

104 642 297 721 Quaerimus
321 654 417 725 atque
440 644 537 706 armis
562 646 717 719 nectimus
741 668 828 711 erma
848 670 947 713 nova.

38 744 138 805 Hetid
164 743 243 805 rallas
264 744 412 823 portabis
435 765 516 825 opes
535 747 734 810 Acherontis
760 752 800 812 ad
820 753 935 814 undas:

102 846 220 907 Nudus
247 845 287 905 ad
304 843 461 920 infernas,
486 842 599 922 stulte,
624 850 744 912 vehere
767 861 866 914 rates.

38 944 161 1007 Victor
183 966 254 1006 cnm
274 945 366 1007 victis
388 946 511 1025 pariter
533 947 717 1012 miscebitur
738 951 878 1026 umbris;

101 1045 249 1110 Consule
269 1067 342 1107 cum
363 1046 495 1122 Mario,
521 1059 613 1128 capte
635 1051 812 1132 iugurtha,
838 1055 942 1116 sedes.

37 1148 152 1224 Lydus
175 1145 328 1210 Dulichio
354 1167 418 1209 non
441 1148 537 1210 distat
565 1148 709 1212 Croesus
732 1154 772 1212 ah
799 1152 871 1216 Iro.

102 1247 235 1328 Optima
256 1268 365 1323 mors,
391 1249 514 1311 Parcae
537 1249 729 1331 quaeruut
752 1262 821 1313 acta
851 1254 913 1316 die.

36 1350 96 1412 Me
118 1348 209 1410 iuvat
230 1348 259 1408 in
281 1347 382 1428 prima
407 1349 542 1412 coluisse
562 1351 720 1414 Helicona
747 1351 877 1416 iuventa

100 1450 338 1531 Musarumque
359 1449 466 1512 eboris
488 1448 680 1530 implicuisse
701 1473 823 1515 manus.

37 1549 95 1611 Me
120 1549 213 1611 iuvat
235 1561 266 1610 et
288 1550 388 1612 multo
411 1560 546 1611 mentem
570 1540 832 1631 vincire'Lyaeo

100 1652 147 1712 Et
169 1661 268 1729 caput
290 1651 321 1712 in
344 1671 444 1712 verna
464 1671 591 1731 semper
615 1653 737 1714 habere
759 1674 848 1717 rosa.

39 1751 151 1831 Atque
175 1749 233 1810 ubi
257 1750 318 1811 iam
342 1752 503 1812 Venerem
531 1753 642 1833 gravis
667 1752 873 1836 interceperit
897 1769 1000 1833 aetas,
1014 1757 1032 1776 ²

103 1850 270 1931 Sparserit
292 1861 325 1915 et
348 1850 458 1934 nigras
478 1852 551 1913 alba
574 1866 703 1915 senecta
732 1875 860 1918 comas:

40 1953 124 2012 'snm
149 1950 226 2012 mihi
248 1962 378 2012 naturae
402 1950 497 2013 libeat
522 1951 707 2033 perdiscere
734 1972 859 2031 mores,

102 2052 186 2130 Quis
209 2053 287 2113 deus
308 2053 391 2113 hanc
413 2052 520 2113 mundi
540 2064 697 2133 torperet
720 2067 788 2117 arte
813 2058 965 2121 donnum:

39 2153 111 2232 Qua
136 2151 225 2215 venit
246 2152 412 2228 exoriens,
438 2174 500 2234 qua
521 2153 643 2230 delicit,
670 2158 752 2219 trude
776 2157 897 2219 coactis
943 2198 945 2205 ι

102 2253 269 2318 Cornibus
292 2253 322 2315 in
342 2254 472 2337 plenum
497 2266 658 2317 menstrua
687 2258 781 2317 Luna
803 2258 906 2320 redit:

39 2358 132 2419 Unde
155 2355 226 2437 salo·
249 2365 400 2435 superant
421 2355 529 2428 venti;
554 2355 629 2438 quid
648 2356 774 2419 flamine
793 2369 902 2439 captet

102 2458 233 2530 Eurus,
258 2468 288 2517 et
315 2455 346 2517 in
368 2458 469 2518 nubes
496 2458 577 2519 unde
598 2458 747 2537 perennis
766 2476 885 2542 aqnat'

40 2559 86 2620 sit
110 2569 248 2621 ventura
269 2558 352 2633 dies,
379 2557 484 2619 mtindi
505 2578 586 2639 quae
608 2561 742 2622 subruat
765 2581 875 2624 arces:

102 2661 293 2739 Purpureus
315 2658 439 2739 pluvias
463 2679 522 2721 cm·
543 2659 623 2721 bibit
648 2681 740 2722 arens
760 2682 877 2744 aquas:

38 2762 108 2822 Aut
131 2781 190 2822 cur
210 2758 388 2822 Perrhaebi
410 2771 569 2837 tremuere
592 2760 754 2825 cacumina
780 2763 892 2840 Pindi,

38 2977 150 3031 „Pacem
170 2991 228 3023 cmo
246 2978 302 3034 (nee
320 2981 381 3032 ullu,
401 2994 549 3038 quomrum
569 2980 885 3040 consummationnem)
903 2984 949 3028 itta
958 2981 1080 3043 prosectu,
1097 3000 1157 3041 prn-

34 3052 93 3103 pter
112 3062 179 3105 quae
194 3048 301 3091 militine
318 3062 346 3092 ee
366 3048 428 3093 dure
447 3051 528 3093 solent
545 3052 607 3104 ulii,
627 3065 735 3104 eurum,
761 3065 893 3111 gemmus,
920 3050 1071 3109 latifundia,
1099 3067 1160 3095 nera

38 3129 117 3173 neque
136 3116 212 3171 euplo
240 3130 318 3174 neque
329 3116 469 3175 possideo,
501 3124 630 3162 contentus
649 3119 821 3163 mediocritate
842 3121 925 3164 meu.’'
961 3120 1059 3164 Lachm.
1080 3124 1159 3163 autem

38 3197 60 3226 r.
85 3181 110 3227 3.
149 3183 203 3228 Nec
227 3190 324 3237 tantum
342 3212 350 3221 ·
369 3190 448 3239 (nec,
477 3190 539 3244 quod
568 3189 646 3243 ntique
671 3190 731 3232 ferri
751 3192 843 3242 potest,
874 3188 1053 3232 babentCodd.
1075 3201 1158 3231 omnes

38 3259 136 3305 praeter
152 3253 284 3310 Grouiug.)
307 3268 331 3298 v.
352 3252 376 3298 1.
396 3254 464 3298 bibat
488 3257 513 3300 5.
530 3261 630 3299 (ποίαν.
656 3296 664 3305 x
682 3255 723 3300 lt.
744 3258 779 3299 lla
792 3257 847 3300 libri
866 3256 955 3300 sinceri
969 3261 992 3299 et
1013 3255 1112 3300 Lachm.
1127 3280 1164 3321 '‘'.

38 3320 93 3364 itali
113 3319 223 3378 (vulgo):
244 3321 274 3363 cb
287 3319 390 3380 inferna
403 3328 475 3376 rate;
488 3348 521 3359 -
539 3330 566 3367 ut
586 3322 690 3383 inferne
707 3319 789 3368 {rute
809 3326 936 3369 Schrader.
957 3322 1006 3368 Sed
1024 3321 1048 3377 l,
1070 3321 1094 3377 l,
1115 3320 1157 3368 56.

38 3391 96 3432 duas
107 3395 177 3433 rates
189 3390 295 3433 infernas
308 3397 440 3444 memorat,
460 3395 634 3438 sceleratorum
647 3396 765 3446 alterurn,
785 3395 886 3437 alteram
905 3394 1007 3447 piorum.
1037 3389 1078 3437 15,
1100 3393 1160 3435 sule.-

37 3456 135 3501 csbilur
156 3456 252 3502 uintrts
266 3472 318 3501 cum
338 3459 397 3503 ced.
416 3461 479 3504 Scal.
499 3462 547 3504 lac.
568 3462 614 3507 L2.
635 3486 667 3497 -
685 3460 848 3505 inleceln'mur
867 3460 942 3505 undis
961 3462 1005 3503 cd.
1029 3458 1159 3517 Groning„

38 3527 100 3569 unde
121 3528 151 3569 de
178 3526 299 3570 Gulielmii
320 3530 383 3572 conl.
409 3529 524 3573 invaluit:
553 3531 717 3575 mleceleinlur
735 3529 816 3577 tuditi.
873 3527 914 3572 18.
932 3525 1041 3585 Parcae]
1060 3528 1158 3570 Lachm.

37 3594 247 3639 οοη1.-’(ἶοᾶά.
259 3608 351 3651 parca,
371 3598 434 3652 quod
448 3598 541 3641 librarii
554 3601 663 3643 videntur
678 3600 818 3653 opposuisse
832 3598 917 3643 Croesi
930 3596 1029 3643 divitiis.
1053 3616 1081 3627 -
1102 3601 1162 3639 ncta

38 3663 117 3706 Cndd.
145 3663 204 3718 aliq.
231 3663 297 3716 Alii,
328 3662 423 3722 (vulgo)
447 3672 515 3723 epla.
544 3670 634 3725 (perca
658 3667 731 3721 dies,
763 3669 830 3722 quasi
848 3668 913 3710 dices
935 3661 1013 3732 κῆρα
1031 3659 1160 3732 ἡμέραν,

38 3731 58 3774 si
81 3731 209 3787 scaligero
225 3729 284 3775 fides
302 3737 356 3786 est,
377 3727 396 3796 ἡ
416 3735 591 3802 πεπρωμένη
609 3729 733 3802 ἡμέρα.)
779 3734 820 3780 19.
841 3733 883 3779 21.
903 3736 967 3777 iuret
985 3734 1060 3777 Cedet.
1081 3735 1159 3789 pauci.

38 3799 129 3849 Curet.
151 3798 181 3842 L.
236 3797 278 3844 21.
307 3798 437 3846 Exoriens
462 3806 489 3847 de
518 3805 570 3848 sole
595 3806 703 3848 nonnulli
724 3804 843 3857 accipiunt
863 3807 1021 3858 provocantes
1041 3804 1069 3845 ed
1090 3801 1162 3859 meg.

38 3869 61 3911 in
81 3867 146 3910 obit.
168 3868 278 3911 Maeeen.
299 3867 341 3914 56.
361 3868 409 3914 Hie
427 3873 477 3914 tela
494 3872 522 3915 in
537 3869 664 3932 profugos
692 3896 724 3906 -
748 3869 822 3916 Misit
839 3870 874 3914 nd
897 3876 1024 3914 extremos
1043 3871 1161 3933 exorien-

38 3937 71 3979 lis
91 3947 181 3993 equos.
201 3937 275 3991 (Aen.
296 3937 325 3990 5,
359 3934 418 3983 139.
438 3942 494 3983 Vel.
514 3942 594 3984 Flacc.
616 3939 649 3994 3,
679 3937 739 3983 tlt.
760 3955 807 3984 non
826 3938 970 3990 Exue-iens,
1002 3940 1044 3982 sed
1067 3937 1161 3981 Oriens

39 4005 129 4046 dieitur
149 4004 210 4054 sel.)
247 4004 295 4046 Sed
316 4005 366 4048 vide
385 4021 414 4050 ne
428 4008 481 4049 huic
497 4009 688 4063 interpretationi
708 4010 787 4053 obstet
800 4022 823 4053 v.
845 4006 887 4053 34.
942 4004 984 4050 31.
1004 4004 1043 4048 Sit
1060 4010 1163 4048 ventura

40 4071 135 4114 eCdd.
166 4070 214 4113 tae.
244 4069 290 4115 La.
319 4073 495 4126 prosecant.
546 4078 662 4120 Similiter
682 4091 706 4120 r.
726 4076 768 4125 39.
788 4079 840 4120 elul
859 4075 917 4119 iura
934 4076 1007 4117 iidem
1028 4085 1072 4125 pro
1093 4072 1118 4113 si
1142 4070 1161 4113 l.

40 4135 82 4181 33.
113 4136 264 4191 Perrhaebi,
295 4141 377 4194 populi
406 4143 560 4197 Thessaliae,
592 4145 747 4199 Lapitharum
771 4146 876 4198 potentin
907 4143 976 4185 fracti
1004 4139 1114 4195 fugerunt
1139 4139 1162 4181 in

39 4206 152 4250 Aetoliae
173 4211 303 4261 montana,
324 4209 400 4271 Pindo
415 4212 535 4265 proxima.
557 4213 585 4256 ll.
606 4210 641 4271 β,
663 4210 721 4258 159.
