2762 4762
210 191 273 254 384

211 476 343 543 XVIII.
360 475 555 540 CORONA
571 473 718 540 REGIA
735 470 1075 537 TEGUMENTUM
1089 469 1335 536 HUMANAE

648 574 891 637 MISERIAE.

212 705 324 780 Quom
338 719 431 762 anno
445 697 649 762 MDCXLI.
666 718 713 757 ex
722 694 909 775 Hispania,
920 694 1067 775 Anglia,
1079 695 1200 769 Italia,
1214 695 1336 759 Scotia

247 815 280 865 et
294 799 463 866 Hibernia
477 799 615 861 crebrae
631 817 822 879 regnorum
835 794 1022 858 seditiones
1037 795 1296 859 nuntiarentur.

298 941 378 1002 Esse
400 938 479 1047 auid
500 939 564 1000 hoe
587 934 709 998 dicam?
730 933 829 997 laceri
852 936 939 1018 quod
961 932 1120 1018 lragmina
1142 935 1247 997 mundi

381 1042 420 1104 In
441 1039 509 1121 ipss
533 1060 646 1121 regum
670 1048 821 1121 torqueat

469 1139 611 1204 Martius
635 1160 693 1203 ora
715 1138 824 1203 lucer!

300 1281 379 1345 Inde
402 1279 567 1345 cicatrices
590 1279 845 1361 disdeuiataeque
867 1254 1036 1340 resultant.

278 1444 281 1447 .
386 1382 528 1445 Molesta
551 1380 667 1444 frontis
689 1383 806 1455 inhers

467 1485 719 1566 Purpureseque
741 1495 846 1545 notae.

301 1625 392 1704 Quae
414 1622 489 1685 lieet
511 1644 529 1685 a
551 1620 682 1706 gemmis
705 1622 860 1685 Indorum
882 1642 972 1685 more
997 1630 1187 1696 coruscent,

387 1727 462 1788 Non
485 1736 517 1788 et
540 1723 670 1786 minoris
692 1724 800 1786 saucio
927 1800 930 1807 ι

472 1825 578 1890 Causa
603 1824 724 1888 doloris
747 1835 853 1887 erunt.

304 1969 349 2031 Ut
372 1967 483 2042 video,
509 1987 573 2028 non
596 1966 635 2026 ad
657 1965 857 2045 splendorem
881 1962 1010 2027 invente
1033 1983 1154 2027 corona
1178 1974 1239 2026 est.
1295 1964 1335 2023 10

388 2066 595 2129 Necessitatis
619 2066 777 2127 vinculum

472 2169 617 2231 Volnera
639 2167 723 2229 facta
747 2167 840 2248 tegit.

307 2308 462 2392 Imposito
486 2328 580 2391 reges
604 2327 724 2370 exorna
746 2305 891 2387 Iuppiter
914 2310 1014 2370 atrro!

390 2413 460 2485 Τιι,
487 2411 639 2484 Phoebe,
663 2408 754 2471 lauro
778 2407 904 2470 mollins

475 2513 637 2592 'sempera
662 2509 753 2593 cinge
778 2512 860 2570 mes!

285 2922 384 2986 xrx.
420 2920 484 2984 An
506 2878 762 2983 venerumt
784 2918 989 2983 Anounu
1010 2869 1275 2985 nnnneurn

556 3021 729 3092 Aeonis
753 3021 1002 3085 eneruem.

624 3145 748 3207 Musae
770 3142 965 3222 Cingarae·

295 3248 364 3311 sive
385 3246 514 3310 artium
536 3257 569 3308 et
591 3243 851 3329 disciplinarum
873 3243 913 3306 (Ie
936 3265 1045 3327 regno
1067 3245 1103 3306 iu
1125 3266 1273 3329 regnum
1368 3244 1369 3253 ’

698 3344 876 3427 migratio.

310 3487 435 3560 Tellus,
462 3506 542 3567 quae
564 3496 685 3565 septem
708 3484 849 3546 subiecta
875 3483 1070 3561 Trionibus,
1096 3485 1170 3548 olim

392 3585 452 3650 Est
476 3585 542 3648 visa
564 3585 679 3666 priscis
700 3588 850 3648 barbara.
897 3602 902 3611 ·
1018 3600 1021 3611 ·

312 3688 522 3751 crediderant
545 3689 630 3750 solas
652 3687 789 3749 habitari
812 3709 829 3750 a
853 3690 1002 3751 'I'eutone
1023 3688 1120 3751 silvas

394 3790 459 3852 Vel
481 3801 589 3873 tesqua
612 3790 706 3870 plena
728 3790 901 3871 vepribus:

310 3890 489 3955 Lcehindas
512 3903 621 3955 vastos
643 3912 791 3956 ursorum
815 3891 951 3954 insidere
973 3893 1072 3954 saltus

394 3991 540 4075 Geluque
562 4006 731 4056 concretos
754 3993 854 4056 mori:

312 4094 487 4154 Praeterea
509 4092 626 4152 nullum
650 4094 736 4154 nasei
758 4094 816 4157 nisi
838 4095 952 4160 inentis
975 4114 1094 4178 opacae

400 4190 467 4250 Sub
489 4211 549 4252 axe
571 4191 665 4270 spissi
687 4192 817 4257 sideris:
