<?xml version="1.0" encoding="UTF-8"?>
<!DOCTYPE html PUBLIC "-//W3C//DTD XHTML 1.0 Transitional//EN"
    "http://www.w3.org/TR/xhtml1/DTD/xhtml1-transitional.dtd">
<html xmlns="http://www.w3.org/1999/xhtml" xml:lang="en" lang="en">
 <head>
  <title>
</title>
<meta http-equiv="Content-Type" content="text/html;charset=utf-8" />
  <meta name='ocr-system' content='tesseract 3.04.00' />
  <meta name='ocr-capabilities' content='ocr_page ocr_carea ocr_par ocr_line ocrx_word'/>
</head>
<body>
  <div class='ocr_page' id='page_1' title='image "./eclogaepoetarum02orelgoog_0313.png"; bbox 0 0 2736 4748; ppageno 0'>
   <div class='ocr_carea' id='block_1_1' title="bbox 213 193 275 257">
    <p class='ocr_par' dir='ltr' id='par_1_1' title="bbox 213 193 275 257">
     <span class='ocr_line' id='line_1_1' title="bbox 213 193 275 257; baseline 0 -1"><span class='ocrx_word' id='word_1_1' title='bbox 213 193 275 257; x_wconf 75' lang='lat'><strong>272</strong></span> 
     </span>
    </p>
   </div>
   <div class='ocr_carea' id='block_1_2' title="bbox 210 344 1149 1045">
    <p class='ocr_par' dir='ltr' id='par_1_2' title="bbox 210 344 1149 1045">
     <span class='ocr_line' id='line_1_2' title="bbox 276 344 953 432; baseline -0.004 -18"><span class='ocrx_word' id='word_1_2' title='bbox 276 352 320 414; x_wconf 88' lang='lat' dir='ltr'><strong>Et</strong></span> <span class='ocrx_word' id='word_1_3' title='bbox 341 349 434 432; x_wconf 87' lang='lat' dir='ltr'><strong>pueri</strong></span> <span class='ocrx_word' id='word_1_4' title='bbox 454 370 562 412; x_wconf 81' lang='lat' dir='ltr'>nasum</span> <span class='ocrx_word' id='word_1_5' title='bbox 585 344 801 412; x_wconf 68' lang='lat' dir='ltr'><strong>rhinocerotis</strong></span> <span class='ocrx_word' id='word_1_6' title='bbox 822 348 953 411; x_wconf 86' lang='lat' dir='ltr'><strong>habent.</strong></span> 
     </span>
     <span class='ocr_line' id='line_1_3' title="bbox 212 448 1149 536; baseline -0.002 -20"><span class='ocrx_word' id='word_1_7' title='bbox 212 452 363 516; x_wconf 81' lang='lat' dir='ltr'><strong>Audieris</strong></span> <span class='ocrx_word' id='word_1_8' title='bbox 385 468 481 536; x_wconf 86' lang='lat' dir='ltr'><strong>quom</strong></span> <span class='ocrx_word' id='word_1_9' title='bbox 505 454 624 536; x_wconf 79' lang='lat' dir='ltr'>grande</span> <span class='ocrx_word' id='word_1_10' title='bbox 648 452 789 532; x_wconf 83' lang='lat' dir='ltr'><strong>sophos,</strong></span> <span class='ocrx_word' id='word_1_11' title='bbox 813 452 886 512; x_wconf 85' lang='lat' dir='ltr'><strong>dtrm</strong></span> <span class='ocrx_word' id='word_1_12' title='bbox 909 448 998 513; x_wconf 85' lang='lat' dir='ltr'><strong>basia</strong></span> <span class='ocrx_word' id='word_1_13' title='bbox 1019 461 1149 534; x_wconf 83' lang='lat' dir='ltr'><strong>captas,</strong></span> 
     </span>
     <span class='ocr_line' id='line_1_4' title="bbox 275 550 977 633; baseline -0.003 -16"><span class='ocrx_word' id='word_1_14' title='bbox 275 554 341 617; x_wconf 85' lang='lat' dir='ltr'><strong>Ibis</strong></span> <span class='ocrx_word' id='word_1_15' title='bbox 364 555 404 615; x_wconf 85' lang='lat' dir='ltr'><strong>ab</strong></span> <span class='ocrx_word' id='word_1_16' title='bbox 427 574 564 616; x_wconf 87' lang='lat' dir='ltr'><strong>excusso</strong></span> <span class='ocrx_word' id='word_1_17' title='bbox 587 553 699 614; x_wconf 90' lang='lat' dir='ltr'><strong>missus</strong></span> <span class='ocrx_word' id='word_1_18' title='bbox 720 550 977 633; x_wconf 74' lang='lat' dir='ltr'><strong>inastrasago.</strong></span> 
     </span>
     <span class='ocr_line' id='line_1_5' title="bbox 213 650 980 734; baseline -0.005 -16"><span class='ocrx_word' id='word_1_19' title='bbox 213 655 277 718; x_wconf 88' lang='lat' dir='ltr'><strong>Sed</strong></span> <span class='ocrx_word' id='word_1_20' title='bbox 299 666 357 730; x_wconf 90' lang='lat' dir='ltr'><strong>tu,</strong></span> <span class='ocrx_word' id='word_1_21' title='bbox 381 676 420 718; x_wconf 88' lang='lat' dir='ltr'><strong>ne</strong></span> <span class='ocrx_word' id='word_1_22' title='bbox 442 654 539 719; x_wconf 87' lang='lat' dir='ltr'><strong>toties</strong></span> <span class='ocrx_word' id='word_1_23' title='bbox 562 653 682 718; x_wconf 91' lang='lat' dir='ltr'><strong>domini</strong></span> <span class='ocrx_word' id='word_1_24' title='bbox 702 650 825 734; x_wconf 87' lang='lat' dir='ltr'><strong>patiare</strong></span> <span class='ocrx_word' id='word_1_25' title='bbox 847 650 980 729; x_wconf 81' lang='lat' dir='ltr'><strong>lituras,</strong></span> 
     </span>
     <span class='ocr_line' id='line_1_6' title="bbox 276 755 972 830; baseline -0.009 -9"><span class='ocrx_word' id='word_1_26' title='bbox 276 760 368 821; x_wconf 86' lang='lat' dir='ltr'><strong>Neve</strong></span> <span class='ocrx_word' id='word_1_27' title='bbox 389 767 479 820; x_wconf 83' lang='lat' dir='ltr'><strong>notet</strong></span> <span class='ocrx_word' id='word_1_28' title='bbox 500 757 588 819; x_wconf 87' lang='lat' dir='ltr'><strong>lusus</strong></span> <span class='ocrx_word' id='word_1_29' title='bbox 610 755 711 818; x_wconf 84' lang='lat' dir='ltr'><strong>tristis</strong></span> <span class='ocrx_word' id='word_1_30' title='bbox 734 756 856 816; x_wconf 78' lang='lat' dir='ltr'><strong>ariundo</strong></span> <span class='ocrx_word' id='word_1_31' title='bbox 878 762 972 830; x_wconf 88' lang='lat' dir='ltr'><strong>tuos,</strong></span> 
     </span>
     <span class='ocr_line' id='line_1_7' title="bbox 210 855 1059 939; baseline -0.007 -15"><span class='ocrx_word' id='word_1_32' title='bbox 210 859 401 934; x_wconf 86' lang='lat' dir='ltr'><strong>Aetherias,</strong></span> <span class='ocrx_word' id='word_1_33' title='bbox 425 857 564 930; x_wconf 86' lang='lat' dir='ltr'><strong>lascive,</strong></span> <span class='ocrx_word' id='word_1_34' title='bbox 587 855 684 939; x_wconf 88' lang='lat' dir='ltr'><strong>cupis.</strong></span> <span class='ocrx_word' id='word_1_35' title='bbox 700 856 835 920; x_wconf 86' lang='lat' dir='ltr'><strong>volitare</strong></span> <span class='ocrx_word' id='word_1_36' title='bbox 857 875 915 936; x_wconf 90' lang='lat' dir='ltr'><strong>per</strong></span> <span class='ocrx_word' id='word_1_37' title='bbox 937 874 1059 918; x_wconf 78' lang='lat' dir='ltr'><strong>orrrass</strong></span> 
     </span>
     <span class='ocr_line' id='line_1_8' title="bbox 274 955 997 1045; baseline -0.007 -21"><span class='ocrx_word' id='word_1_38' title='bbox 274 962 310 1037; x_wconf 95' lang='lat' dir='ltr'><strong>l,</strong></span> <span class='ocrx_word' id='word_1_39' title='bbox 333 961 429 1045; x_wconf 67' lang='lat' dir='ltr'><strong>suge,</strong></span> <span class='ocrx_word' id='word_1_40' title='bbox 451 961 508 1022; x_wconf 90' lang='lat' dir='ltr'><strong>sed</strong></span> <span class='ocrx_word' id='word_1_41' title='bbox 529 970 659 1041; x_wconf 87' lang='lat' dir='ltr'><strong>poteras</strong></span> <span class='ocrx_word' id='word_1_42' title='bbox 680 957 783 1021; x_wconf 87' lang='lat' dir='ltr'><strong>tutior</strong></span> <span class='ocrx_word' id='word_1_43' title='bbox 805 977 874 1019; x_wconf 84' lang='lat' dir='ltr'><strong>esse</strong></span> <span class='ocrx_word' id='word_1_44' title='bbox 897 955 997 1019; x_wconf 86' lang='lat' dir='ltr'><strong>domi.</strong></span> 
     </span>
    </p>
   </div>
   <div class='ocr_carea' id='block_1_3' title="bbox 454 1076 1038 1172">
    <p class='ocr_par' dir='ltr' id='par_1_3' title="bbox 454 1076 1038 1172">
     <span class='ocr_line' id='line_1_9' title="bbox 454 1076 1038 1172; baseline -0.007 -10"><span class='ocrx_word' id='word_1_45' title='bbox 454 1076 457 1093; x_wconf 85' lang='lat'>&#39;</span> <span class='ocrx_word' id='word_1_46' title='bbox 510 1101 571 1163; x_wconf 78' lang='lat' dir='ltr'><strong>nr.</strong></span> <span class='ocrx_word' id='word_1_47' title='bbox 593 1095 772 1161; x_wconf 70' lang='lat' dir='ltr'><strong>nimum.</strong></span> <span class='ocrx_word' id='word_1_48' title='bbox 809 1095 867 1171; x_wconf 81' lang='lat' dir='ltr'><strong>(n.</strong></span> <span class='ocrx_word' id='word_1_49' title='bbox 891 1093 924 1156; x_wconf 74' lang='lat' dir='ltr'><strong>a.</strong></span> <span class='ocrx_word' id='word_1_50' title='bbox 948 1097 1038 1172; x_wconf 82' lang='lat'>101.)</span> 
     </span>
    </p>
   </div>
   <div class='ocr_carea' id='block_1_4' title="bbox 200 1204 1320 2198">
    <p class='ocr_par' dir='ltr' id='par_1_4' title="bbox 210 1204 1035 1391">
     <span class='ocr_line' id='line_1_10' title="bbox 210 1204 1035 1293; baseline -0.013 -17"><span class='ocrx_word' id='word_1_51' title='bbox 210 1210 270 1276; x_wconf 75' lang='lat' dir='ltr'><strong>ltta</strong></span> <span class='ocrx_word' id='word_1_52' title='bbox 293 1230 403 1272; x_wconf 82' lang='lat' dir='ltr'><strong>manus</strong></span> <span class='ocrx_word' id='word_1_53' title='bbox 425 1210 583 1293; x_wconf 80' lang='lat' dir='ltr'><strong>quondam</strong></span> <span class='ocrx_word' id='word_1_54' title='bbox 606 1205 782 1271; x_wconf 85' lang='lat' dir='ltr'><strong>studiorum</strong></span> <span class='ocrx_word' id='word_1_55' title='bbox 806 1204 868 1267; x_wconf 84' lang='lat' dir='ltr'><strong>fida</strong></span> <span class='ocrx_word' id='word_1_56' title='bbox 891 1224 1035 1268; x_wconf 82' lang='lat' dir='ltr'><strong>meorum</strong></span> 
     </span>
     <span class='ocr_line' id='line_1_11' title="bbox 276 1305 970 1391; baseline -0.009 -17"><span class='ocrx_word' id='word_1_57' title='bbox 276 1314 320 1375; x_wconf 88' lang='lat' dir='ltr'><strong>Et</strong></span> <span class='ocrx_word' id='word_1_58' title='bbox 341 1311 419 1374; x_wconf 81' lang='lat' dir='ltr'><strong>[elix</strong></span> <span class='ocrx_word' id='word_1_59' title='bbox 442 1306 573 1373; x_wconf 88' lang='lat' dir='ltr'><strong>domino</strong></span> <span class='ocrx_word' id='word_1_60' title='bbox 595 1318 734 1391; x_wconf 85' lang='lat' dir='ltr'><strong>notaque</strong></span> <span class='ocrx_word' id='word_1_61' title='bbox 757 1305 970 1381; x_wconf 78' lang='lat' dir='ltr'>Caesaribus,</span> 
     </span>
    </p>

    <p class='ocr_par' dir='ltr' id='par_1_5' title="bbox 210 1408 984 1493">
     <span class='ocr_line' id='line_1_12' title="bbox 210 1408 984 1493; baseline -0.016 -13"><span class='ocrx_word' id='word_1_62' title='bbox 210 1412 365 1480; x_wconf 76' lang='lat' dir='ltr'><strong>Destituit</strong></span> <span class='ocrx_word' id='word_1_63' title='bbox 386 1412 506 1493; x_wconf 83' lang='lat' dir='ltr'><strong>primos</strong></span> <span class='ocrx_word' id='word_1_64' title='bbox 529 1408 637 1470; x_wconf 84' lang='lat' dir='ltr'><strong>viridis</strong></span> <span class='ocrx_word' id='word_1_65' title='bbox 660 1408 843 1471; x_wconf 89' lang='lat' dir='ltr'><strong>Demetrius</strong></span> <span class='ocrx_word' id='word_1_66' title='bbox 866 1427 984 1480; x_wconf 87' lang='lat' dir='ltr'><strong>annos;</strong></span> 
     </span>
    </p>

    <p class='ocr_par' dir='ltr' id='par_1_6' title="bbox 200 1505 1015 1597">
     <span class='ocr_line' id='line_1_13' title="bbox 200 1505 1015 1597; baseline -0.007 -21"><span class='ocrx_word' id='word_1_67' title='bbox 200 1589 205 1597; x_wconf 33' lang='grc'>,</span> <span class='ocrx_word' id='word_1_68' title='bbox 276 1515 397 1593; x_wconf 86' lang='lat' dir='ltr'><strong>Quarta</strong></span> <span class='ocrx_word' id='word_1_69' title='bbox 420 1511 521 1574; x_wconf 82' lang='lat' dir='ltr'><strong>tribus</strong></span> <span class='ocrx_word' id='word_1_70' title='bbox 541 1509 652 1572; x_wconf 86' lang='lat' dir='ltr'><strong>lustris</strong></span> <span class='ocrx_word' id='word_1_71' title='bbox 674 1507 776 1570; x_wconf 83' lang='lat' dir='ltr'><strong>addita</strong></span> <span class='ocrx_word' id='word_1_72' title='bbox 799 1505 911 1570; x_wconf 89' lang='lat' dir='ltr'><strong>messis</strong></span> <span class='ocrx_word' id='word_1_73' title='bbox 934 1517 1015 1571; x_wconf 85' lang='lat' dir='ltr'><strong>erat.</strong></span> 
     </span>
    </p>

    <p class='ocr_par' dir='ltr' id='par_1_7' title="bbox 210 1601 1315 1794">
     <span class='ocr_line' id='line_1_14' title="bbox 210 1601 1315 1695; baseline -0.007 -17"><span class='ocrx_word' id='word_1_74' title='bbox 210 1616 261 1679; x_wconf 85' lang='lat' dir='ltr'><strong>Ne</strong></span> <span class='ocrx_word' id='word_1_75' title='bbox 284 1625 387 1676; x_wconf 84' lang='lat' dir='ltr'><strong>tamen</strong></span> <span class='ocrx_word' id='word_1_76' title='bbox 410 1615 451 1674; x_wconf 81' lang='lat' dir='ltr'><strong>ad</strong></span> <span class='ocrx_word' id='word_1_77' title='bbox 472 1611 601 1695; x_wconf 84' lang='lat' dir='ltr'><strong>Stygias</strong></span> <span class='ocrx_word' id='word_1_78' title='bbox 622 1601 758 1672; x_wconf 76' lang='lat' dir='ltr'><strong>famulus</strong></span> <span class='ocrx_word' id='word_1_79' title='bbox 781 1611 987 1671; x_wconf 79' lang='lat' dir='ltr'><strong>descenderet</strong></span> <span class='ocrx_word' id='word_1_80' title='bbox 1009 1611 1157 1687; x_wconf 87' lang='lat' dir='ltr'><strong>umbras,</strong></span> <span class='ocrx_word' id='word_1_81' title='bbox 1300 1609 1315 1670; x_wconf 81' lang='lat'>5</span> 
     </span>
     <span class='ocr_line' id='line_1_15' title="bbox 275 1710 1002 1794; baseline -0.012 -15"><span class='ocrx_word' id='word_1_82' title='bbox 275 1717 393 1780; x_wconf 77' lang='lat' dir='ltr'><strong>Ureret</strong></span> <span class='ocrx_word' id='word_1_83' title='bbox 414 1712 598 1794; x_wconf 81' lang='lat' dir='ltr'><strong>implicitum</strong></span> <span class='ocrx_word' id='word_1_84' title='bbox 621 1732 717 1793; x_wconf 88' lang='lat' dir='ltr'><strong>quom</strong></span> <span class='ocrx_word' id='word_1_85' title='bbox 739 1710 892 1774; x_wconf 82' lang='lat' dir='ltr'><strong>sceterata</strong></span> <span class='ocrx_word' id='word_1_86' title='bbox 915 1711 1002 1785; x_wconf 85' lang='lat' dir='ltr'><strong>tues,</strong></span> 
     </span>
    </p>

    <p class='ocr_par' dir='ltr' id='par_1_8' title="bbox 210 1810 1106 1894">
     <span class='ocr_line' id='line_1_16' title="bbox 210 1810 1106 1894; baseline -0.008 -14"><span class='ocrx_word' id='word_1_87' title='bbox 210 1815 382 1890; x_wconf 88' lang='lat' dir='ltr'><strong>Cavimus,</strong></span> <span class='ocrx_word' id='word_1_88' title='bbox 407 1826 438 1878; x_wconf 91' lang='lat' dir='ltr'><strong>et</strong></span> <span class='ocrx_word' id='word_1_89' title='bbox 461 1813 580 1876; x_wconf 90' lang='lat' dir='ltr'><strong>domiui</strong></span> <span class='ocrx_word' id='word_1_90' title='bbox 601 1813 650 1876; x_wconf 90' lang='lat' dir='ltr'><strong>ius</strong></span> <span class='ocrx_word' id='word_1_91' title='bbox 672 1833 765 1876; x_wconf 88' lang='lat' dir='ltr'><strong>omne</strong></span> <span class='ocrx_word' id='word_1_92' title='bbox 787 1810 964 1874; x_wconf 77' lang='lat' dir='ltr'><strong>remisimus</strong></span> <span class='ocrx_word' id='word_1_93' title='bbox 986 1830 1106 1894; x_wconf 73' lang='lat' dir='ltr'><strong>acgroa</strong></span> 
     </span>
    </p>

    <p class='ocr_par' dir='ltr' id='par_1_9' title="bbox 217 1913 971 1999">
     <span class='ocr_line' id='line_1_17' title="bbox 217 1913 971 1999; baseline -0.008 -18"><span class='ocrx_word' id='word_1_94' title='bbox 217 1967 221 1973; x_wconf 77' lang='grc'><strong>.</strong></span> <span class='ocrx_word' id='word_1_95' title='bbox 273 1919 413 1980; x_wconf 88' lang='lat' dir='ltr'><strong>Munere</strong></span> <span class='ocrx_word' id='word_1_96' title='bbox 435 1916 548 1999; x_wconf 83' lang='lat' dir='ltr'><strong>dignus</strong></span> <span class='ocrx_word' id='word_1_97' title='bbox 571 1924 639 1976; x_wconf 84' lang='lat' dir='ltr'><strong>erat</strong></span> <span class='ocrx_word' id='word_1_98' title='bbox 662 1913 863 1977; x_wconf 82' lang='lat' dir='ltr'><strong>conualuisse</strong></span> <span class='ocrx_word' id='word_1_99' title='bbox 887 1932 971 1976; x_wconf 86' lang='lat' dir='ltr'><strong>meo.</strong></span> 
     </span>
    </p>

    <p class='ocr_par' dir='ltr' id='par_1_10' title="bbox 211 2016 1320 2198">
     <span class='ocr_line' id='line_1_18' title="bbox 211 2016 1200 2099; baseline -0.008 -19"><span class='ocrx_word' id='word_1_100' title='bbox 211 2018 319 2081; x_wconf 82' lang='lat' dir='ltr'><strong>Sensit</strong></span> <span class='ocrx_word' id='word_1_101' title='bbox 341 2016 491 2080; x_wconf 81' lang='lat' dir='ltr'><strong>deficiens</strong></span> <span class='ocrx_word' id='word_1_102' title='bbox 513 2037 568 2079; x_wconf 87' lang='lat' dir='ltr'><strong>sua</strong></span> <span class='ocrx_word' id='word_1_103' title='bbox 592 2016 731 2097; x_wconf 78' lang='lat' dir='ltr'><strong>praemis</strong></span> <span class='ocrx_word' id='word_1_104' title='bbox 754 2035 869 2099; x_wconf 89' lang='lat' dir='ltr'><strong>meque</strong></span> <span class='ocrx_word' id='word_1_105' title='bbox 891 2023 1062 2095; x_wconf 85' lang='lat' dir='ltr'><strong>patronum</strong></span> <span class='ocrx_word' id='word_1_106' title='bbox 1195 2091 1200 2097; x_wconf 17' lang='grc' dir='ltr'>ι</span> 
     </span>
     <span class='ocr_line' id='line_1_19' title="bbox 271 2114 1320 2198; baseline -0.01 -15"><span class='ocrx_word' id='word_1_107' title='bbox 271 2118 380 2195; x_wconf 75' lang='lat' dir='ltr'><strong>Dixit,</strong></span> <span class='ocrx_word' id='word_1_108' title='bbox 403 2121 443 2181; x_wconf 86' lang='lat' dir='ltr'><strong>ad</strong></span> <span class='ocrx_word' id='word_1_109' title='bbox 464 2116 602 2180; x_wconf 77' lang='lat' dir='ltr'><strong>infernas</strong></span> <span class='ocrx_word' id='word_1_110' title='bbox 624 2116 706 2178; x_wconf 87' lang='lat' dir='ltr'><strong>liber</strong></span> <span class='ocrx_word' id='word_1_111' title='bbox 727 2114 829 2179; x_wconf 83' lang='lat' dir='ltr'><strong>iturus</strong></span> <span class='ocrx_word' id='word_1_112' title='bbox 852 2135 964 2198; x_wconf 80' lang='lat' dir='ltr'><strong>aqrras.</strong></span> <span class='ocrx_word' id='word_1_113' title='bbox 1283 2115 1320 2174; x_wconf 75' lang='lat' dir='ltr'><strong>to</strong></span> 
     </span>
    </p>
   </div>
   <div class='ocr_carea' id='block_1_5' title="bbox 508 2234 1087 2320">
    <p class='ocr_par' dir='ltr' id='par_1_11' title="bbox 508 2234 1087 2320">
     <span class='ocr_line' id='line_1_20' title="bbox 508 2234 1087 2320; baseline -0.007 -20"><span class='ocrx_word' id='word_1_114' title='bbox 508 2238 591 2301; x_wconf 79' lang='lat' dir='ltr'><em>LII.</em></span> <span class='ocrx_word' id='word_1_115' title='bbox 612 2235 791 2301; x_wconf 80' lang='lat' dir='ltr'><strong>Eiusdem.</strong></span> <span class='ocrx_word' id='word_1_116' title='bbox 824 2235 883 2314; x_wconf 89' lang='lat' dir='ltr'><strong>(L.</strong></span> <span class='ocrx_word' id='word_1_117' title='bbox 908 2234 940 2297; x_wconf 71' lang='lat'><strong>2.</strong></span> <span class='ocrx_word' id='word_1_118' title='bbox 964 2234 1012 2312; x_wconf 88' lang='lat'><strong>8.)</strong></span> <span class='ocrx_word' id='word_1_119' title='bbox 1084 2314 1087 2320; x_wconf 25' lang='grc' dir='ltr'>Ι</span> 
     </span>
    </p>
   </div>
   <div class='ocr_carea' id='block_1_6' title="bbox 206 2343 1319 3130">
    <p class='ocr_par' dir='ltr' id='par_1_12' title="bbox 209 2343 1167 2528">
     <span class='ocr_line' id='line_1_21' title="bbox 209 2343 1167 2431; baseline 0.002 -20"><span class='ocrx_word' id='word_1_120' title='bbox 209 2346 244 2413; x_wconf 84' lang='lat' dir='ltr'><strong>si</strong></span> <span class='ocrx_word' id='word_1_121' title='bbox 267 2369 330 2431; x_wconf 84' lang='lat' dir='ltr'><strong>qua</strong></span> <span class='ocrx_word' id='word_1_122' title='bbox 352 2346 544 2410; x_wconf 87' lang='lat' dir='ltr'><strong>videbuntur</strong></span> <span class='ocrx_word' id='word_1_123' title='bbox 565 2344 683 2408; x_wconf 86' lang='lat' dir='ltr'><strong>chartis</strong></span> <span class='ocrx_word' id='word_1_124' title='bbox 704 2344 780 2422; x_wconf 85' lang='lat' dir='ltr'><strong>tibi,</strong></span> <span class='ocrx_word' id='word_1_125' title='bbox 803 2345 929 2423; x_wconf 89' lang='lat' dir='ltr'><strong>lector,</strong></span> <span class='ocrx_word' id='word_1_126' title='bbox 953 2343 1076 2409; x_wconf 81' lang='lat' dir='ltr'><strong>inistis</strong></span> <span class='ocrx_word' id='word_1_127' title='bbox 1138 2373 1140 2377; x_wconf 92' lang='lat'>·</span> <span class='ocrx_word' id='word_1_128' title='bbox 1164 2410 1167 2413; x_wconf 7' lang='lat' dir='ltr'><strong>a</strong></span> 
     </span>
     <span class='ocr_line' id='line_1_22' title="bbox 275 2446 1120 2528; baseline 0 -19"><span class='ocrx_word' id='word_1_129' title='bbox 275 2448 353 2510; x_wconf 85' lang='lat' dir='ltr'><strong>Sive</strong></span> <span class='ocrx_word' id='word_1_130' title='bbox 375 2450 512 2509; x_wconf 80' lang='lat' dir='ltr'><strong>obseura</strong></span> <span class='ocrx_word' id='word_1_131' title='bbox 536 2446 627 2509; x_wconf 90' lang='lat' dir='ltr'><strong>nimis</strong></span> <span class='ocrx_word' id='word_1_132' title='bbox 648 2447 717 2511; x_wconf 85' lang='lat' dir='ltr'><strong>sive</strong></span> <span class='ocrx_word' id='word_1_133' title='bbox 739 2446 855 2510; x_wconf 80' lang='lat' dir='ltr'><strong>Latina</strong></span> <span class='ocrx_word' id='word_1_134' title='bbox 877 2467 1011 2528; x_wconf 79' lang='lat' dir='ltr'><strong>parrum,</strong></span> <span class='ocrx_word' id='word_1_135' title='bbox 1117 2454 1120 2460; x_wconf 73' lang='grc'>“</span> 
     </span>
    </p>

    <p class='ocr_par' dir='ltr' id='par_1_13' title="bbox 208 2548 1010 2739">
     <span class='ocr_line' id='line_1_23' title="bbox 208 2548 1010 2626; baseline -0.002 -12"><span class='ocrx_word' id='word_1_136' title='bbox 208 2552 284 2614; x_wconf 90' lang='lat' dir='ltr'><strong>Non</strong></span> <span class='ocrx_word' id='word_1_137' title='bbox 310 2570 396 2611; x_wconf 92' lang='lat' dir='ltr'><strong>meus</strong></span> <span class='ocrx_word' id='word_1_138' title='bbox 418 2558 465 2610; x_wconf 90' lang='lat' dir='ltr'><strong>est</strong></span> <span class='ocrx_word' id='word_1_139' title='bbox 489 2567 601 2623; x_wconf 65' lang='lat' dir='ltr'><strong>error,</strong></span> <span class='ocrx_word' id='word_1_140' title='bbox 625 2549 735 2611; x_wconf 86' lang='lat' dir='ltr'><strong>nocuit</strong></span> <span class='ocrx_word' id='word_1_141' title='bbox 756 2548 905 2612; x_wconf 84' lang='lat' dir='ltr'><strong>librarius</strong></span> <span class='ocrx_word' id='word_1_142' title='bbox 926 2548 1010 2626; x_wconf 84' lang='lat' dir='ltr'><strong>iltis,</strong></span> 
     </span>
     <span class='ocr_line' id='line_1_24' title="bbox 271 2648 991 2739; baseline 0.001 -26"><span class='ocrx_word' id='word_1_143' title='bbox 271 2651 355 2713; x_wconf 92' lang='lat' dir='ltr'><strong>Dum</strong></span> <span class='ocrx_word' id='word_1_144' title='bbox 379 2658 533 2732; x_wconf 84' lang='lat' dir='ltr'><strong>properat</strong></span> <span class='ocrx_word' id='word_1_145' title='bbox 555 2670 676 2723; x_wconf 81' lang='lat' dir='ltr'><strong>versus</strong></span> <span class='ocrx_word' id='word_1_146' title='bbox 690 2671 899 2715; x_wconf 82' lang='lat' dir='ltr'><strong>annumerare</strong></span> <span class='ocrx_word' id='word_1_147' title='bbox 919 2648 991 2739; x_wconf 85' lang='lat' dir='ltr'><strong>tibi.</strong></span> 
     </span>
    </p>

    <p class='ocr_par' dir='ltr' id='par_1_14' title="bbox 209 2745 1319 2935">
     <span class='ocr_line' id='line_1_25' title="bbox 209 2745 1319 2839; baseline -0.005 -25"><span class='ocrx_word' id='word_1_148' title='bbox 209 2753 306 2833; x_wconf 85' lang='lat' dir='ltr'><strong>Quod</strong></span> <span class='ocrx_word' id='word_1_149' title='bbox 329 2750 442 2814; x_wconf 88' lang='lat' dir='ltr'><strong>sinon</strong></span> <span class='ocrx_word' id='word_1_150' title='bbox 465 2749 571 2825; x_wconf 80' lang='lat' dir='ltr'><strong>illurn,</strong></span> <span class='ocrx_word' id='word_1_151' title='bbox 597 2753 652 2812; x_wconf 88' lang='lat' dir='ltr'><strong>sed</strong></span> <span class='ocrx_word' id='word_1_152' title='bbox 674 2772 723 2813; x_wconf 87' lang='lat' dir='ltr'><strong>rue</strong></span> <span class='ocrx_word' id='word_1_153' title='bbox 745 2773 894 2832; x_wconf 79' lang='lat' dir='ltr'><strong>peccasse</strong></span> <span class='ocrx_word' id='word_1_154' title='bbox 915 2748 1061 2833; x_wconf 86' lang='lat' dir='ltr'><strong>putabis,</strong></span> <span class='ocrx_word' id='word_1_155' title='bbox 1209 2832 1213 2839; x_wconf 81' lang='lat'>.</span> <span class='ocrx_word' id='word_1_156' title='bbox 1302 2745 1319 2808; x_wconf 77' lang='lat' dir='ltr'><strong>d</strong></span> 
     </span>
     <span class='ocr_line' id='line_1_26' title="bbox 273 2845 1040 2935; baseline 0.003 -21"><span class='ocrx_word' id='word_1_157' title='bbox 273 2855 367 2914; x_wconf 83' lang='lat' dir='ltr'><strong>&#39;l&#39;unc</strong></span> <span class='ocrx_word' id='word_1_158' title='bbox 389 2845 452 2935; x_wconf 84' lang='lat' dir='ltr'><strong>ego</strong></span> <span class='ocrx_word' id='word_1_159' title='bbox 475 2861 506 2912; x_wconf 89' lang='lat' dir='ltr'><strong>te</strong></span> <span class='ocrx_word' id='word_1_160' title='bbox 529 2852 653 2913; x_wconf 85' lang='lat' dir='ltr'><strong>credam</strong></span> <span class='ocrx_word' id='word_1_161' title='bbox 677 2851 784 2915; x_wconf 87' lang='lat' dir='ltr'><strong>cordis</strong></span> <span class='ocrx_word' id='word_1_162' title='bbox 807 2854 926 2916; x_wconf 81' lang='lat' dir='ltr'><strong>trabere</strong></span> <span class='ocrx_word' id='word_1_163' title='bbox 949 2852 1040 2916; x_wconf 80' lang='lat' dir='ltr'><strong>nihil.</strong></span> 
     </span>
    </p>

    <p class='ocr_par' dir='ltr' id='par_1_15' title="bbox 206 2944 1261 3130">
     <span class='ocr_line' id='line_1_27' title="bbox 206 2944 1261 3038; baseline -0.001 -22"><span class='ocrx_word' id='word_1_164' title='bbox 206 2953 296 3031; x_wconf 87' lang='lat' dir='ltr'><strong>„Ista</strong></span> <span class='ocrx_word' id='word_1_165' title='bbox 319 2964 425 3015; x_wconf 89' lang='lat' dir='ltr'><strong>tamen</strong></span> <span class='ocrx_word' id='word_1_166' title='bbox 448 2951 527 3013; x_wconf 84' lang='lat' dir='ltr'><strong>mala</strong></span> <span class='ocrx_word' id='word_1_167' title='bbox 550 2951 659 3015; x_wconf 83' lang='lat' dir='ltr'><strong>sunt.&#39;&#39;</strong></span> <span class='ocrx_word' id='word_1_168' title='bbox 703 2952 803 3033; x_wconf 83' lang='lat' dir='ltr'><strong>Quasi</strong></span> <span class='ocrx_word' id='word_1_169' title='bbox 825 2975 884 3018; x_wconf 89' lang='lat' dir='ltr'><strong>nos</strong></span> <span class='ocrx_word' id='word_1_170' title='bbox 908 2950 1070 3016; x_wconf 77' lang='lat' dir='ltr'><strong>manifeste</strong></span> <span class='ocrx_word' id='word_1_171' title='bbox 1092 2944 1261 3038; x_wconf 78' lang='lat' dir='ltr'><strong>negemusa</strong></span> 
     </span>
     <span class='ocr_line' id='line_1_28' title="bbox 271 3046 1074 3130; baseline 0 -11"><span class='ocrx_word' id='word_1_172' title='bbox 271 3056 362 3120; x_wconf 89' lang='lat' dir='ltr'><strong>Haec</strong></span> <span class='ocrx_word' id='word_1_173' title='bbox 384 3056 464 3118; x_wconf 85' lang='lat' dir='ltr'><strong>mala</strong></span> <span class='ocrx_word' id='word_1_174' title='bbox 487 3046 580 3130; x_wconf 57' lang='lat' dir='ltr'><strong>sunt}</strong></span> <span class='ocrx_word' id='word_1_175' title='bbox 603 3057 660 3117; x_wconf 90' lang='lat' dir='ltr'><strong>sed</strong></span> <span class='ocrx_word' id='word_1_176' title='bbox 680 3065 714 3117; x_wconf 91' lang='lat' dir='ltr'><strong>tu</strong></span> <span class='ocrx_word' id='word_1_177' title='bbox 737 3076 801 3119; x_wconf 92' lang='lat' dir='ltr'><strong>non</strong></span> <span class='ocrx_word' id='word_1_178' title='bbox 824 3053 956 3118; x_wconf 78' lang='lat' dir='ltr'><strong>meliora</strong></span> <span class='ocrx_word' id='word_1_179' title='bbox 978 3054 1074 3119; x_wconf 82' lang='lat' dir='ltr'><strong>sacis.</strong></span> 
     </span>
    </p>
   </div>
   <div class='ocr_carea' id='block_1_7' title="bbox 483 3172 1044 3255">
    <p class='ocr_par' dir='ltr' id='par_1_16' title="bbox 483 3172 1044 3255">
     <span class='ocr_line' id='line_1_29' title="bbox 483 3172 1044 3255; baseline -0.007 -15"><span class='ocrx_word' id='word_1_180' title='bbox 483 3172 600 3240; x_wconf 76' lang='lat' dir='ltr'><strong>sun</strong></span> <span class='ocrx_word' id='word_1_181' title='bbox 620 3175 799 3239; x_wconf 66' lang='lat' dir='ltr'><strong>nimum.</strong></span> <span class='ocrx_word' id='word_1_182' title='bbox 837 3176 894 3255; x_wconf 80' lang='lat' dir='ltr'><strong>(n.</strong></span> <span class='ocrx_word' id='word_1_183' title='bbox 918 3174 950 3238; x_wconf 76' lang='lat' dir='ltr'><strong>r.</strong></span> <span class='ocrx_word' id='word_1_184' title='bbox 975 3175 1044 3254; x_wconf 79' lang='lat' dir='ltr'><strong>ss.)</strong></span> 
     </span>
    </p>
   </div>
   <div class='ocr_carea' id='block_1_8' title="bbox 205 3260 1323 4278">
    <p class='ocr_par' dir='ltr' id='par_1_17' title="bbox 205 3260 1323 4278">
     <span class='ocr_line' id='line_1_30' title="bbox 205 3260 1189 3370; baseline -0.005 -18"><span class='ocrx_word' id='word_1_185' title='bbox 205 3284 291 3352; x_wconf 86' lang='lat' dir='ltr'><strong>Dum</strong></span> <span class='ocrx_word' id='word_1_186' title='bbox 315 3287 412 3350; x_wconf 87' lang='lat' dir='ltr'><strong>modo</strong></span> <span class='ocrx_word' id='word_1_187' title='bbox 436 3284 646 3361; x_wconf 82' lang='lat' dir='ltr'><strong>eartsidicum,</strong></span> <span class='ocrx_word' id='word_1_188' title='bbox 671 3288 743 3347; x_wconf 87' lang='lat' dir='ltr'><strong>dum</strong></span> <span class='ocrx_word' id='word_1_189' title='bbox 766 3298 797 3347; x_wconf 89' lang='lat' dir='ltr'><strong>te</strong></span> <span class='ocrx_word' id='word_1_190' title='bbox 819 3288 916 3350; x_wconf 88' lang='lat' dir='ltr'><strong>modo</strong></span> <span class='ocrx_word' id='word_1_191' title='bbox 938 3286 1071 3349; x_wconf 83' lang='lat' dir='ltr'><strong>rhetora</strong></span> <span class='ocrx_word' id='word_1_192' title='bbox 1094 3260 1189 3370; x_wconf 85' lang='lat' dir='ltr'><strong>fingis</strong></span> 
     </span>
     <span class='ocr_line' id='line_1_31' title="bbox 269 3385 1183 3470; baseline -0.001 -20"><span class='ocrx_word' id='word_1_193' title='bbox 269 3389 313 3450; x_wconf 90' lang='lat' dir='ltr'><strong>Et</strong></span> <span class='ocrx_word' id='word_1_194' title='bbox 334 3408 399 3450; x_wconf 87' lang='lat' dir='ltr'><strong>non</strong></span> <span class='ocrx_word' id='word_1_195' title='bbox 423 3386 585 3460; x_wconf 85' lang='lat' dir='ltr'><strong>decernis,</strong></span> <span class='ocrx_word' id='word_1_196' title='bbox 610 3388 740 3462; x_wconf 79' lang='lat' dir='ltr'><strong>Tauro,</strong></span> <span class='ocrx_word' id='word_1_197' title='bbox 765 3385 933 3470; x_wconf 87' lang='lat' dir='ltr'><strong>quidesse</strong></span> <span class='ocrx_word' id='word_1_198' title='bbox 957 3387 1057 3465; x_wconf 84' lang='lat' dir='ltr'><strong>velis,</strong></span> <span class='ocrx_word' id='word_1_199' title='bbox 1180 3432 1183 3437; x_wconf 84' lang='lat'>-</span> 
     </span>
     <span class='ocr_line' id='line_1_32' title="bbox 205 3476 1014 3552; baseline -0.001 0"><span class='ocrx_word' id='word_1_200' title='bbox 205 3489 327 3552; x_wconf 84' lang='lat' dir='ltr'><strong>Peleos</strong></span> <span class='ocrx_word' id='word_1_201' title='bbox 349 3498 381 3551; x_wconf 87' lang='lat' dir='ltr'><strong>et</strong></span> <span class='ocrx_word' id='word_1_202' title='bbox 403 3486 524 3551; x_wconf 85' lang='lat' dir='ltr'><strong>Priami</strong></span> <span class='ocrx_word' id='word_1_203' title='bbox 546 3486 659 3549; x_wconf 86' lang='lat' dir='ltr'><strong>transit</strong></span> <span class='ocrx_word' id='word_1_204' title='bbox 683 3488 732 3550; x_wconf 86' lang='lat' dir='ltr'><strong>vel</strong></span> <span class='ocrx_word' id='word_1_205' title='bbox 757 3488 905 3550; x_wconf 85' lang='lat' dir='ltr'><strong>Nestoris</strong></span> <span class='ocrx_word' id='word_1_206' title='bbox 928 3476 1014 3551; x_wconf 84' lang='lat' dir='ltr'><strong>setus¹</strong></span> 
     </span>
     <span class='ocr_line' id='line_1_33' title="bbox 209 3586 915 3653; baseline -0.001 0"><span class='ocrx_word' id='word_1_207' title='bbox 209 3609 212 3614; x_wconf 76' lang='grc'><em>’</em></span> <span class='ocrx_word' id='word_1_208' title='bbox 271 3592 315 3652; x_wconf 90' lang='lat' dir='ltr'><strong>Et</strong></span> <span class='ocrx_word' id='word_1_209' title='bbox 336 3591 442 3653; x_wconf 82' lang='lat' dir='ltr'><strong>suerat</strong></span> <span class='ocrx_word' id='word_1_210' title='bbox 462 3611 568 3652; x_wconf 88' lang='lat' dir='ltr'><strong>serum</strong></span> <span class='ocrx_word' id='word_1_211' title='bbox 590 3587 651 3650; x_wconf 83' lang='lat' dir='ltr'><strong>ium</strong></span> <span class='ocrx_word' id='word_1_212' title='bbox 674 3586 732 3651; x_wconf 90' lang='lat' dir='ltr'><strong>tibi</strong></span> <span class='ocrx_word' id='word_1_213' title='bbox 755 3589 915 3652; x_wconf 85' lang='lat' dir='ltr'><strong>desinere.</strong></span> 
     </span>
     <span class='ocr_line' id='line_1_34' title="bbox 207 3689 1033 3774; baseline 0.001 -21"><span class='ocrx_word' id='word_1_214' title='bbox 207 3689 339 3771; x_wconf 86' lang='lat' dir='ltr'><strong>Incipe,</strong></span> <span class='ocrx_word' id='word_1_215' title='bbox 364 3693 442 3770; x_wconf 87' lang='lat' dir='ltr'><strong>(tres</strong></span> <span class='ocrx_word' id='word_1_216' title='bbox 464 3713 528 3756; x_wconf 79' lang='lat' dir='ltr'><strong>sino</strong></span> <span class='ocrx_word' id='word_1_217' title='bbox 550 3691 714 3774; x_wconf 88' lang='lat' dir='ltr'><strong>perierunt</strong></span> <span class='ocrx_word' id='word_1_218' title='bbox 734 3692 884 3754; x_wconf 88' lang='lat' dir='ltr'><strong>rhetores</strong></span> <span class='ocrx_word' id='word_1_219' title='bbox 908 3692 1033 3770; x_wconf 88' lang='lat' dir='ltr'><strong>anno,)</strong></span> 
     </span>
     <span class='ocr_line' id='line_1_35' title="bbox 268 3791 1068 3876; baseline 0 -23"><span class='ocrx_word' id='word_1_220' title='bbox 268 3792 304 3854; x_wconf 90' lang='lat' dir='ltr'><strong>Si</strong></span> <span class='ocrx_word' id='word_1_221' title='bbox 326 3791 401 3874; x_wconf 89' lang='lat' dir='ltr'><strong>quid</strong></span> <span class='ocrx_word' id='word_1_222' title='bbox 421 3794 518 3855; x_wconf 90' lang='lat' dir='ltr'><strong>habes</strong></span> <span class='ocrx_word' id='word_1_223' title='bbox 540 3791 651 3868; x_wconf 86' lang='lat' dir='ltr'><strong>animi,</strong></span> <span class='ocrx_word' id='word_1_224' title='bbox 668 3792 702 3864; x_wconf 72' lang='lat' dir='ltr'><strong>,si</strong></span> <span class='ocrx_word' id='word_1_225' title='bbox 724 3791 799 3876; x_wconf 89' lang='lat' dir='ltr'><strong>quid</strong></span> <span class='ocrx_word' id='word_1_226' title='bbox 821 3792 853 3854; x_wconf 90' lang='lat' dir='ltr'><strong>in</strong></span> <span class='ocrx_word' id='word_1_227' title='bbox 875 3802 944 3854; x_wconf 87' lang='lat' dir='ltr'><strong>arte</strong></span> <span class='ocrx_word' id='word_1_228' title='bbox 967 3793 1068 3854; x_wconf 84' lang='lat' dir='ltr'><strong>vales.</strong></span> 
     </span>
     <span class='ocr_line' id='line_1_36' title="bbox 206 3892 1098 3968; baseline -0.001 -12"><span class='ocrx_word' id='word_1_229' title='bbox 206 3892 241 3956; x_wconf 88' lang='lat' dir='ltr'><strong>Si</strong></span> <span class='ocrx_word' id='word_1_230' title='bbox 263 3894 373 3956; x_wconf 86' lang='lat' dir='ltr'><strong>schola</strong></span> <span class='ocrx_word' id='word_1_231' title='bbox 395 3895 578 3968; x_wconf 86' lang='lat' dir='ltr'><strong>damnatur,</strong></span> <span class='ocrx_word' id='word_1_232' title='bbox 601 3895 675 3955; x_wconf 87' lang='lat' dir='ltr'><strong>fora</strong></span> <span class='ocrx_word' id='word_1_233' title='bbox 696 3893 803 3956; x_wconf 86' lang='lat' dir='ltr'><strong>litibus</strong></span> <span class='ocrx_word' id='word_1_234' title='bbox 826 3893 932 3958; x_wconf 86' lang='lat' dir='ltr'><strong>omnia</strong></span> <span class='ocrx_word' id='word_1_235' title='bbox 953 3893 1098 3968; x_wconf 82' lang='lat' dir='ltr'><strong>seruent3</strong></span> 
     </span>
     <span class='ocr_line' id='line_1_37' title="bbox 268 3993 933 4074; baseline 0.006 -20"><span class='ocrx_word' id='word_1_236' title='bbox 268 3994 345 4072; x_wconf 87' lang='lat' dir='ltr'><strong>Ipse</strong></span> <span class='ocrx_word' id='word_1_237' title='bbox 365 4003 475 4074; x_wconf 86' lang='lat' dir='ltr'><strong>potest</strong></span> <span class='ocrx_word' id='word_1_238' title='bbox 495 3993 567 4053; x_wconf 81' lang='lat' dir='ltr'><strong>fieri</strong></span> <span class='ocrx_word' id='word_1_239' title='bbox 588 3994 722 4071; x_wconf 79' lang='lat' dir='ltr'><strong>Marsya</strong></span> <span class='ocrx_word' id='word_1_240' title='bbox 744 3994 933 4058; x_wconf 85' lang='lat' dir='ltr'><strong>causidicus.</strong></span> 
     </span>
     <span class='ocr_line' id='line_1_38' title="bbox 205 4089 1163 4178; baseline 0.005 -26"><span class='ocrx_word' id='word_1_241' title='bbox 205 4089 266 4152; x_wconf 81' lang='lat' dir='ltr'><strong>Eia</strong></span> <span class='ocrx_word' id='word_1_242' title='bbox 290 4112 369 4171; x_wconf 85' lang='lat' dir='ltr'><strong>age,</strong></span> <span class='ocrx_word' id='word_1_243' title='bbox 392 4110 504 4167; x_wconf 84' lang='lat' dir='ltr'><strong>rumpe</strong></span> <span class='ocrx_word' id='word_1_244' title='bbox 527 4109 650 4162; x_wconf 83' lang='lat' dir='ltr'><strong>moras3</strong></span> <span class='ocrx_word' id='word_1_245' title='bbox 674 4114 739 4175; x_wconf 89' lang='lat' dir='ltr'><strong>quo</strong></span> <span class='ocrx_word' id='word_1_246' title='bbox 762 4105 794 4157; x_wconf 88' lang='lat' dir='ltr'><strong>te</strong></span> <span class='ocrx_word' id='word_1_247' title='bbox 815 4095 1015 4178; x_wconf 80' lang='lat' dir='ltr'><strong>sperabimus</strong></span> <span class='ocrx_word' id='word_1_248' title='bbox 1036 4092 1163 4178; x_wconf 85' lang='lat' dir='ltr'><strong>usque?</strong></span> 
     </span>
     <span class='ocr_line' id='line_1_39' title="bbox 270 4186 1323 4278; baseline 0.008 -28"><span class='ocrx_word' id='word_1_249' title='bbox 270 4186 377 4264; x_wconf 90' lang='lat' dir='ltr'><strong>Dum,</strong></span> <span class='ocrx_word' id='word_1_250' title='bbox 403 4189 478 4268; x_wconf 86' lang='lat' dir='ltr'><strong>qnid</strong></span> <span class='ocrx_word' id='word_1_251' title='bbox 499 4187 559 4263; x_wconf 88' lang='lat' dir='ltr'><strong>sis,</strong></span> <span class='ocrx_word' id='word_1_252' title='bbox 584 4190 735 4269; x_wconf 75' lang='lat' dir='ltr'><strong>dubitas,</strong></span> <span class='ocrx_word' id='word_1_253' title='bbox 749 4192 811 4257; x_wconf 85' lang='lat' dir='ltr'><strong>iam</strong></span> <span class='ocrx_word' id='word_1_254' title='bbox 828 4201 928 4278; x_wconf 76' lang='lat' dir='ltr'><strong>ipotes</strong></span> <span class='ocrx_word' id='word_1_255' title='bbox 949 4219 1019 4261; x_wconf 88' lang='lat' dir='ltr'><strong>esse</strong></span> <span class='ocrx_word' id='word_1_256' title='bbox 1042 4197 1133 4262; x_wconf 85' lang='lat' dir='ltr'><strong>nihil.</strong></span> <span class='ocrx_word' id='word_1_257' title='bbox 1285 4196 1323 4259; x_wconf 80' lang='lat'><strong>1⁰</strong></span> 
     </span>
    </p>
   </div>
   <div class='ocr_carea' id='block_1_9' title="bbox 0 0 1372 4748">
    <p class='ocr_par' dir='ltr' id='par_1_18' title="bbox 0 0 1372 4748">
     <span class='ocr_line' id='line_1_40' title="bbox 0 0 1372 4748; baseline 0 2"><span class='ocrx_word' id='word_1_258' title='bbox 0 0 1372 4748; x_wconf 95' lang='lat' dir='ltr'><strong> </strong></span> 
     </span>
    </p>
   </div>
  </div>
 </body>
</html>
