2772 4750
234 190 295 253 102

233 347 429 415 Discernens
450 343 546 429 ponti
563 343 777 408 truculentum
798 341 855 405 ubi
877 340 996 406 dividit
1013 343 1155 426 aequori

232 452 287 515 An
309 448 411 531 patris
433 446 589 512 auxilium
608 468 750 530 sperem,
773 462 908 530 quemne
928 443 998 527 ipsa
1018 441 1154 529 reliqui,

237 556 432 634 Respersum
457 550 605 615 iuvenem
625 550 769 612 fraterna
788 551 885 612 caede
909 546 1040 611 secuta?

235 652 396 739 Coniugis
414 675 454 716 an
474 654 541 717 hdo
566 651 719 716 consoler
741 663 853 714 memet
875 671 1003 724 amore,

238 755 343 838 Quine
366 754 451 841 sugit
469 756 575 819 lentos
596 753 769 817 incurvans
790 751 920 838 gurgite
939 751 1070 815 remos?

234 860 409 922 Praeterea
430 857 519 922 nullo
542 856 634 933 litus,
657 855 728 920 sola
750 854 870 929 insula,
893 866 1002 918 tecto:

233 963 306 1026 Nec
327 972 415 1044 patet
436 982 584 1045 egressus
605 957 714 1044 pelagi
735 956 936 1042 cingentibus
958 954 1068 1029 undis;

234 1064 331 1128 Nulla
354 1063 451 1146 fugae
472 1060 576 1136 ratio,
600 1059 686 1122 nulla
705 1081 798 1141 spes:
823 1058 928 1123 omnia
952 1068 1054 1132 muta,

235 1164 351 1230 Omnia
373 1175 446 1227 sunt
468 1167 609 1236 deserta,
633 1172 794 1226 ostentant
817 1159 924 1225 omnia
945 1160 1055 1222 letum.

234 1270 313 1332 Non
329 1280 432 1331 tamen
450 1278 520 1329 ante
544 1264 621 1328 mihi
638 1265 844 1349 languescent
861 1262 979 1325 lumina
1000 1272 1122 1337 morte,

235 1372 307 1434 Nec
326 1368 417 1453 prius
440 1391 457 1432 a
478 1368 565 1432 fesso
586 1370 735 1431 secedent
753 1388 896 1448 corpore
916 1386 1041 1439 sensus,

236 1474 340 1554 Quam
360 1472 473 1535 iustam
492 1493 509 1534 a
530 1469 616 1534 divis
637 1491 810 1552 exposcam
832 1467 963 1550 prodita
985 1466 1114 1528 multam

237 1573 482 1660 Caelestumque
503 1575 600 1637 fidem
620 1584 784 1655 postrema
803 1591 994 1652 comprecer
1013 1571 1109 1632 hora.

237 1678 365 1758 Quare,
387 1677 474 1740 facta
494 1674 598 1738 viritm
620 1674 786 1737 multantes
809 1672 936 1736 vindice
958 1693 1063 1754 poena

236 1778 448 1853 Eumenides,
471 1777 588 1863 quihus
608 1775 750 1861 anguino
770 1775 919 1839 redimita
937 1772 1058 1856 capillo

235 1883 345 1946 Frons
364 1878 558 1962 exspirantis
576 1889 766 1962 praeportat
786 1876 929 1960 pectoris
946 1876 1028 1952 iras,

235 1987 312 2048 Huc
330 1986 394 2047 huc
414 1985 599 2058 adventate,
623 2003 707 2046 meas
730 1981 836 2044 audite
859 1979 1025 2065 querelas;

237 2087 326 2167 Quas
344 2107 409 2171 ego
432 2107 491 2149 vae
514 2084 628 2148 misera
651 2082 803 2147 extremis
823 2082 975 2166 prolerre
998 2080 1145 2145 medullis

237 2186 357 2272 Cogor
379 2187 491 2269 inops,
515 2189 646 2262 ardens,
669 2184 785 2249 amenti
807 2206 903 2248 caeca
924 2186 1051 2249 furore.

237 2291 327 2371 Quae
346 2288 499 2375 quoniam
519 2310 613 2352 verae
631 2298 804 2351 naseuntur
826 2299 961 2369 pectore
984 2290 1024 2349 ab
1046 2284 1133 2362 imo,

236 2394 310 2456 Vos
330 2390 429 2455 nolite
451 2389 518 2475 pati
537 2402 683 2455 nostrum
706 2410 877 2454 vanescere
901 2390 1039 2453 luctum:

237 2496 300 2557 Sed
324 2492 412 2578 quali
433 2493 535 2557 solam
553 2495 700 2557 Theseus
721 2514 771 2554 me
794 2503 895 2555 mente
917 2492 1066 2577 reliquit,

238 2594 312 2659 Tali
333 2606 453 2671 mente,
477 2597 570 2670 deae,
593 2596 730 2658 funestet
751 2615 847 2679 seque
865 2597 1040 2679 suosquc.’'

236 2700 307 2761 Has
324 2709 492 2783 postquam
517 2708 636 2761 maesto
658 2696 805 2778 profudit
825 2707 960 2778 pectore
986 2718 1100 2772 voces,

237 2799 437 2883 Supplicium
457 2798 561 2863 saevis
580 2819 759 2881 exposcens
782 2797 875 2860 anxia
894 2797 1007 2874 factis,

240 2946 371 2990 confutavit
379 2945 528 3003 Pinzgerus,
547 2944 593 2988 hoc
605 2944 756 2999 potissimum
768 2949 910 3002 argumento
925 2957 996 2999 usus,
1011 2957 1035 2988 r.
1051 2941 1110 2989 183.
1121 2947 1221 2990 demum
1230 2949 1355 2992 memorari

235 3016 363 3061 consitium
374 3015 478 3059 Atticam
490 3014 601 3070 petendi;
620 3011 695 3069 (quod
712 3014 783 3057 aliter
801 3013 859 3056 mihi
878 3013 973 3070 quidem
991 3013 1101 3069 videtur,
1122 3029 1198 3072 quum
1217 3016 1253 3060 ibi
1266 3019 1296 3062 de
1309 3020 1355 3061 toro

235 3097 319 3131 sermo
337 3098 384 3128 non
402 3086 448 3139 sit,
477 3084 640 3128 tantummodo
658 3083 687 3126 de
705 3081 803 3136 perfidia
821 3082 943 3136 Thesei:)
971 3088 1096 3138 praeterea
1124 3098 1213 3139 parum
1237 3089 1356 3130 commode

236 3155 284 3199 ista
302 3154 438 3211 periphrasi
456 3167 470 3198 a
487 3157 567 3197 moute
580 3152 641 3196 haud
654 3152 726 3195 nianis
738 3157 795 3196 noto
810 3153 882 3206 petita
895 3149 1026 3209 significari
1045 3154 1157 3198 Atticam.
1190 3155 1246 3199 Hoc
1266 3156 1357 3200 verissi-

236 3230 361 3269 mamert.
391 3224 460 3282 Quod
478 3224 499 3267 si
519 3222 642 3277 praeferas
654 3220 775 3266 lduanana
787 3222 901 3274 Avancii,
921 3223 976 3265 hid.
993 3221 1017 3266 1.
1032 3222 1121 3281 cing..
1141 3236 1204 3280 quae
1218 3226 1289 3270 coni.
1303 3231 1357 3270 cete·

235 3295 271 3338 ris
289 3298 408 3352 praestat,
429 3293 576 3347 explicabis:
605 3296 761 3346 „repetamue
780 3290 878 3335 Cretam
895 3296 965 3349 atque
984 3293 1008 3336 iu
1027 3292 1082 3336 ldae
1101 3293 1251 3338 solitudines
1269 3282 1355 3340 *meah-

235 3363 306 3407 dsm:
327 3366 351 3405 at
369 3375 424 3405 num
443 3366 528 3416 potero
546 3361 579 3405 ibi
597 3362 672 3415 patris
690 3362 806 3406 auxilium
824 3357 964 3416 sperare?”
1000 3362 1065 3405 Hane
1077 3361 1151 3419 igitur
1164 3363 1317 3418 lectionem,
1334 3376 1355 3408 ex

235 3436 304 3487 parte
329 3430 400 3475 etiam
420 3430 541 3488 Pinzgero
568 3429 692 3484 probatam
722 3431 746 3473 in
774 3432 827 3475 loco
855 3432 1004 3479 conclamato
1028 3432 1147 3486 expressi.
1192 3431 1292 3478 Omnes
1315 3435 1356 3477 tere

235 3505 337 3547 recentt.
355 3501 438 3555 (etiam
451 3498 519 3555 Siti.)
535 3501 638 3554 amplexi
654 3506 709 3543 sunt
722 3501 804 3543 Vossii
823 3500 886 3544 roni.
902 3499 1089 3555 Idomenioane,
1116 3501 1146 3544 ab
1163 3500 1302 3556 Idomene,
1315 3504 1357 3546 hta·

235 3571 349 3616 sedonius
368 3571 455 3626 oppido
474 3582 548 3625 prope
566 3567 625 3614 fines
644 3569 777 3620 Thraciae,
797 3569 827 3612 ah
846 3570 990 3623 Idomeneo,
1010 3572 1100 3614 Minois
1119 3575 1226 3625 nepote,
1248 3575 1356 3623 condito;

234 3654 296 3698 quae
315 3639 409 3696 quidem
428 3642 499 3685 tectio
519 3639 606 3694 triptici
625 3638 777 3683 incommodo
791 3639 899 3691 laborat,
918 3638 1111 3693 anachronismi,
1131 3641 1206 3683 metri
1222 3643 1356 3697 posthabiti,
1376 3674 1377 3681 ,

232 3723 264 3754 ιο
282 3710 377 3764 putidae
395 3710 547 3754 eruditionis.
584 3708 635 3752 Cur
652 3709 715 3768 enim
733 3722 789 3763 prae
808 3708 918 3752 omnibus
936 3709 991 3752 aliis
1009 3709 1133 3753 Bottiaeos
1152 3715 1254 3754 montes
1275 3725 1357 3757 memo·
1376 3706 1377 3751 l

234 3784 304 3824 reret
321 3779 410 3823 misera
428 3776 527 3832 puella?
549 3800 583 3811 —
608 3776 786 3821 Idomenonena
805 3778 903 3822 Luciam.
932 3778 959 3821 ln
978 3791 1046 3835 seqq.
1066 3791 1155 3827 rursus
1171 3782 1300 3835 quaedam
1318 3786 1356 3824 tnr-

235 3850 291 3893 hata
310 3852 378 3894 saint:
399 3842 555 3903 praetulimus
573 3848 655 3891 vossii
675 3848 810 3893 tectionem.
831 3870 864 3881 -
883 3860 899 3890 a
911 3847 981 3891 ntia.
1002 3853 1029 3891 ut
1046 3848 1112 3892 Mur.
1130 3847 1210 3893 Doer.
1231 3849 1280 3893 uhi
1298 3850 1357 3894 nimis

235 3933 281 3974 pro
299 3917 402 3973 imperio
421 3918 521 3963 eiecisse
538 3917 650 3963 ridentur
667 3918 733 3960 Mur.
747 3918 779 3959 at.
801 3937 834 3971 „-
851 3915 1002 3961 discurrens
1020 3916 1081 3961 Cod.
1104 3917 1174 3961 Statii
1196 3919 1292 3963 hianda
1311 3933 1356 3964 sare
1376 3904 1377 3911 ἵ

235 3988 437 4045 interpolatioa03
462 3989 532 4046 longe
556 3987 662 4031 deterius
685 3991 723 4031 est
748 3986 846 4031 waiet.
875 3985 1023 4043 decerpens.
1057 3987 1120 4030 Tum
1137 3985 1282 4032 discedens
1303 3991 1356 4033 tuti.
1376 3998 1377 4005 ¹

236 4056 296 4105 185.
316 4058 356 4103 ste
369 4058 430 4103 cdd.
443 4058 514 4102 nitu.
526 4056 582 4104 Sili.
595 4056 694 4103 Isaehm.
713 4076 748 4088 -
766 4053 811 4100 Pr.
824 4056 893 4100 nullo
910 4057 983 4112 (litua
995 4057 1089 4108 solum)
1107 4055 1194 4100 insum
1208 4063 1278 4103 tecto
1291 4062 1355 4102 Voss.

237 4151 271 4164 -
289 4127 503 4174 Praetereamus
520 4127 591 4170 nullo
608 4125 665 4169 solu
682 4125 702 4168 i.
721 4130 739 4168 t.
765 4126 820 4170 Scat
847 4127 911 4171 coni.
932 4125 1035 4173 Corrad.
1054 4126 1130 4169 Doer.
1162 4149 1197 4158 —
1225 4126 1357 4171 Praeterea

233 4198 312 4252 iiius,
331 4198 402 4242 nullo
418 4195 547 4257 solamine
564 4199 582 4241 t.
602 4193 707 4241 nurchi.
717 4194 764 4253 Ep.
778 4196 833 4239 crit.
847 4209 871 4249 p.
887 4192 946 4248 102.
967 4198 1004 4241 eui
1020 4196 1101 4240 obstat
1116 4194 1235 4239 ovidiana
1249 4198 1356 4241 imitatio.

237 4268 296 4315 lter.
310 4259 356 4320 10,
377 4264 419 4312 59.
446 4261 513 4326 Quid
522 4258 644 4322 facium?
667 4275 715 4321 quo
732 4263 787 4307 sola
798 4259 896 4322 sarar?
919 4271 993 4309 vacet
1009 4265 1096 4310 insula
1114 4266 1193 4311 cultri.
1213 4265 1357 4321 (Praetereo
