2750 4744
197 155 258 217 tot

196 317 349 379 Annuere
371 311 421 374 bis
442 330 577 392 superos
601 321 732 373 vetuere
754 311 933 393 Iovemque
955 322 1135 374 morantur.
1159 346 1199 381 -,

150 433 155 440 “
194 418 276 481 Rem
299 427 425 478 struere
446 424 580 495 exoptas
603 433 696 476 caeso
718 414 805 477 bove
828 411 1095 496 Mercuriumque

195 517 343 583 Arcessis
365 517 469 579 libra:
494 516 568 588 „Da
590 514 760 578 {ortunare
782 525 932 596 penates,
1285 517 1327 579 ua

194 621 245 684 Da
268 639 365 702 pecus
387 629 419 681 et
441 616 595 701 gregibus
617 615 768 679 letum!'’
791 650 833 662 -
856 617 952 696 Qtto,
975 617 1132 699 pessime,
1157 630 1285 700 paeto,

196 724 263 785 Tot
284 720 342 784 tibi
365 740 461 802 quom
483 717 515 781 in
537 718 680 780 flammas
701 717 838 780 iunicum
862 731 988 782 omenta
1011 718 1222 802 liquescant?

194 825 345 887 Attamen
367 821 419 885 hie
441 820 523 883 extis
546 831 578 881 et
601 818 709 902 opimo
733 819 862 882 vincere
883 820 969 884 leuto

194 923 358 990 Intendit:
380 953 422 966 -
444 922 526 995 „iam
550 920 665 983 erescit
687 941 786 1004 ager,
812 921 871 983 iam
895 922 1008 985 erescit
1031 922 1135 998 ovile,

194 1029 262 1091 lam
286 1023 434 1099 dabitur,
457 1023 629 1086 iamiam!'’
651 1053 693 1065 -
715 1025 820 1086 donee
842 1025 995 1105 deeeptus
1018 1035 1050 1087 et
1073 1045 1190 1105 exspes
1284 1027 1329 1087 50

194 1127 416 1212 Nequidquam
438 1126 539 1189 frando
562 1122 701 1205 suspiret
724 1144 869 1186 nummus
891 1124 922 1186 in
944 1124 1023 1188 imo.
1047 1156 1088 1169 -

194 1229 230 1294 Si
251 1228 310 1292 tibi
331 1240 473 1290 crateras
494 1227 619 1310 argenti
641 1225 813 1309 incusaque
835 1225 947 1309 pingui

193 1332 288 1394 Auro
311 1331 394 1394 dona
416 1329 537 1402 feram,
562 1327 654 1389 sudes
676 1337 708 1388 et
730 1338 863 1406 pectore
885 1327 993 1391 laevo.

193 1431 346 1494 Excutiat
369 1441 475 1513 guttas
497 1427 608 1490 laetari
630 1427 868 1510 praetrepidum
892 1450 969 1493 aur:

193 1532 281 1595 Hine
302 1531 380 1594 illud
401 1529 516 1605 subiit,
542 1549 621 1593 auro
645 1550 752 1592 sacras
775 1532 863 1614 quod
885 1542 983 1595 ovato

193 1631 482 1704 Perdueisiaeies.
505 1665 547 1677 -
570 1677 584 1704 „
594 1631 676 1694 Nam
700 1631 817 1694 iratres
839 1632 922 1694 inter
944 1634 1066 1708 aenos,

194 1733 324 1797 Somnia
346 1733 458 1814 pituita
481 1731 536 1815 qui
558 1729 781 1816 purgatissima
805 1732 950 1810 mittunt,

193 1835 365 1917 Praecipui
386 1846 481 1897 sunto
504 1833 608 1918 sitque
630 1833 696 1896 illis
715 1855 810 1896 aurea
832 1836 968 1917 barba.’'
991 1866 1032 1878 —

191 1941 316 2003 Aurum
340 1957 416 1999 vasa
437 1939 561 2000 Numae
585 1934 796 2017 Saturniaque
818 1935 942 2017 impulit
964 1957 1037 2000 aera

191 2039 405 2123 Vestalesque
428 2059 524 2101 irruas
547 2049 579 2099 et
602 2039 743 2100 Tuscum
766 2036 863 2100 fietile
886 2049 997 2102 mutat.

193 2141 224 2204 0
246 2161 366 2203 citreae
387 2141 418 2202 in
440 2150 544 2202 terras
566 2140 688 2201 animae
711 2149 743 2201 et
766 2139 947 2201 caelestium
969 2140 1092 2204 inanes!

193 2241 280 2321 Quid
300 2241 387 2305 iuuat
408 2243 470 2305 hos
492 2240 619 2322 templis
642 2251 772 2303 nostros
794 2239 965 2304 immittere
988 2263 1094 2307 mores

192 2344 237 2405 Et
257 2345 341 2407 bona
364 2344 410 2405 dls
433 2363 473 2406 ex
495 2343 554 2404 hac
576 2342 730 2405 scelerata
753 2342 871 2405 ducere
893 2341 1018 2424 pulpa?

191 2445 283 2508 Haec
304 2443 365 2508 sibi
386 2455 545 2525 corrupto
569 2444 684 2507 casiam
707 2442 854 2508 dissolvit
876 2444 988 2519 oliv03

263 2661 304 2711 tt.
323 2662 453 2723 Areearia]
479 2665 549 2709 TRS.
572 2674 603 2708 =
623 2664 742 2709 Accerair
763 2665 836 2712 VEA.
886 2663 928 2711 06.
949 2690 982 2700 -
992 2662 1093 2724 foetum
1111 2671 1143 2712 V.
1183 2667 1227 2715 17.
1250 2672 1327 2715 iuni-

191 2748 247 2779 eum
266 2735 293 2778 in
306 2733 428 2796 flammae
441 2735 472 2778 T.
491 2754 523 2768 -
541 2733 568 2777 in
581 2733 690 2796 flamma
707 2734 736 2778 F.
757 2758 790 2768 -
808 2747 883 2792 quum
895 2734 1012 2797 flammis
1030 2736 1068 2791 (in
1084 2736 1208 2799 flammae
1228 2740 1325 2786 Omnes

191 2804 260 2858 mei.)
279 2800 321 2848 18.
340 2801 466 2861 Attamen]
480 2803 569 2848 Omnes
588 2805 645 2847 mei.
660 2803 741 2847 11η-
754 2803 835 2847 rr'oera
848 2805 874 2848 S.
896 2805 931 2848 lb.
943 2828 976 2839 -
987 2802 1063 2863 sarto
1072 2807 1099 2854 S.
1112 2820 1240 2862 superser.
1253 2824 1276 2853 e.
1292 2831 1327 2842 -

185 2869 257 2931 sesto
279 2874 311 2916 V.
379 2870 421 2916 19.
443 2893 472 2903 -
495 2871 606 2916 intendit
635 2873 671 2916 Μ.
710 2869 752 2916 50.
780 2893 808 2904 -
829 2886 924 2930 expers
952 2875 1002 2920 ΤΒ.
1039 2876 1101 2919 ltem
1124 2877 1156 2920 R.
1182 2878 1207 2923 iu
1237 2892 1324 2935 marg.
1372 2914 1373 2925 i

192 2940 234 2989 51.
254 2938 376 2998 suspiret]
394 2940 484 2985 Omnes
507 2942 564 2985 mei.
586 2963 612 2973 -
635 2954 751 2987 numanae
769 2942 883 2997 suspirat
904 2942 933 2986 T.
957 2965 987 2975 —
1006 2957 1124 2989 nummus
1135 2941 1224 3003 fundo
1244 2961 1322 3004 susp.
1372 2930 1373 2953 ¹

190 3012 227 3056 M.
265 3009 308 3055 52.
324 3011 516 3068 —ineuesuque
530 3010 649 3054 llVSdM.
687 3006 729 3054 Sl.
749 3008 918 3055 -Exeutias
937 3013 1013 3057 TVA.
1027 3012 1201 3058 -Exeutier
1216 3016 1323 3060 RESM.

191 3081 228 3125 lb.
244 3077 347 3137 laetari]
366 3079 440 3123 TVA.
460 3099 494 3111 -
511 3080 620 3123 laetatur
638 3078 735 3122 RESM.
756 3093 853 3136 -per
870 3079 995 3137 trepidum
1018 3083 1049 3127 T.
1088 3081 1131 3128 55.
1152 3107 1185 3116 —
1204 3085 1269 3129 ittet
1289 3088 1326 3129 V.

191 3149 228 3193 lb.
247 3145 335 3206 subiit]
356 3149 446 3193 Omnes
464 3149 521 3192 mei.
541 3169 572 3183 -
589 3147 841 3192 eutttocodfflaus.
881 3146 921 3194 61.
942 3152 969 3195 in
988 3149 1083 3209 terras]
1102 3152 1214 3200 Lactant.
1236 3152 1272 3207 2,
1297 3153 1324 3197 2.

191 3219 286 3272 „Vetus
308 3219 430 3272 exemplar
450 3217 508 3275 legit
525 3217 667 3270 interm,
688 3218 750 3274 quod
763 3217 850 3272 probat
867 3218 1025 3277 Ascensiusss'
1061 3222 1188 3278 l'oqnelin.
1204 3223 1231 3265 in
1247 3222 1326 3267 Curis

192 3301 240 3330 sec.
260 3310 293 3320 —
312 3286 434 3330 interris
459 3286 549 3330 Omnes
569 3287 625 3330 tuei.
676 3284 718 3330 62.
750 3286 819 3330 iurat
834 3285 891 3347 laos]
910 3287 1003 3334 usta,
1026 3298 1054 3323 -1
1074 3288 1204 3335 iuratltoe
1226 3292 1287 3336 Tv.

260 3434 302 3483 45.
322 3437 441 3483 Aesernia
459 3452 484 3493 p.
514 3434 556 3482 tt.
576 3438 697 3497 quutnin
709 3437 824 3500 flammis
842 3439 886 3484 rP.
920 3437 962 3484 ts.
982 3437 1115 3484 Ettaman
1137 3441 1181 3485 rP.
1217 3439 1262 3487 51.
1278 3457 1325 3486 su-

189 3507 272 3564 apirat
289 3522 314 3556 r.
356 3504 399 3552 54.
418 3505 545 3551 Excutior
558 3507 590 3551 P.
640 3503 683 3553 55.
702 3506 785 3553 subito
802 3522 832 3552 w.
877 3507 920 3554 ⁶1.
939 3509 967 3554 ia
988 3510 1066 3554 terrie
1082 3511 1127 3565 pl’.
1185 3508 1232 3555 ⁶2.
1254 3510 1327 3573 Quid

189 3576 257 3620 iuuat
273 3574 336 3629 lior,
356 3576 455 3635 templis
472 3591 495 3620 r.

261 3724 303 3772 56.
322 3725 387 3771 Nam
398 3722 501 3784 fratrea
520 3728 586 3771 inter
604 3727 692 3786 aanor]
713 3729 792 3774 Aaron
815 3730 904 3784 tradit,
936 3733 998 3786 qnod
1024 3731 1049 3774 iu
1072 3732 1167 3785 porticu
1191 3730 1326 3786 Apollinis

188 3796 292 3842 Palatini
312 3796 409 3840 inerunt
431 3796 562 3841 Danaidum
589 3798 681 3857 effigies
705 3803 729 3843 et
749 3804 892 3844 contraeas
917 3801 961 3844 snb
980 3800 1035 3842 divo
1059 3800 1160 3843 totidem
1187 3807 1326 3858 equestres

188 3865 294 3911 filiorum
310 3866 420 3924 Aegypti.
456 3865 494 3909 Eu
516 3867 546 3910 iis
571 3872 650 3911 autem
673 3869 757 3912 statuis
779 3870 895 3926 quaedam
916 3868 1057 3913 dicebantur
1073 3869 1258 3922 postulantibus
1279 3884 1326 3925 per

189 3948 299 3980 somnum
320 3936 376 3979 dare
393 3936 499 3979 oracula.
550 3932 591 3979 5⁹.
612 3933 781 3995 Saturniaque
802 3939 902 3995 impulit
921 3935 995 3996 aera]
1013 3938 1062 3981 Aes
1084 3938 1108 3980 iu
1129 3939 1188 3982 aede
1217 3940 1325 3982 Saturni

189 4003 350 4057 condebatur,
369 4005 474 4047 noudum
492 4008 591 4062 argento
604 4018 710 4060 auroque
729 4007 833 4064 signato.
871 4007 938 4050 llude
956 4006 1086 4050 aerarium
1105 4020 1193 4050 nomen
1212 4009 1325 4062 aceepit.

190 4073 336 4115 esitantem
351 4073 413 4115 assis
432 4072 539 4125 libratis,
560 4077 584 4115 et
599 4072 739 4128 dipundius3
759 4077 821 4131 quod
838 4076 908 4120 hodie
927 4077 950 4119 in
969 4089 1013 4120 usn
1034 4077 1161 4123 remansit.
1199 4076 1237 4120 Et
1256 4079 1326 4122 sole·

191 4140 231 4181 bat
249 4141 343 4193 pensari
358 4141 437 4194 potius
456 4154 527 4197 quam
542 4140 678 4183 numerari:
699 4144 759 4187 unde
775 4149 798 4188 et
810 4143 1000 4202 dispensatores
1016 4145 1072 4189 dicti
1090 4152 1326 4207 pro,erogatoe·es.

192 4205 238 4261 (lle
254 4207 357 4252 Casaub.
378 4210 441 4253 euni.
461 4209 528 4253 Reiz:
550 4231 572 4240 -
595 4205 619 4250 d·
637 4217 819 4269 prorogatores
837 4213 893 4272 (sie)
912 4213 992 4269 ritu.)
