2762 4762
482 758 828 838 APPENDIX
866 757 1063 835 EPICA
1179 855 1183 862 Ι

747 963 800 1005 ΕΤ

581 1105 969 1176 BUCOLICA..

662 1328 886 1344 ψ’

502 1487 556 1554 Μ.
585 1485 804 1552 ΑΝΝΑΕῙ
832 1483 1038 1550 LUCANI

363 1620 683 1693 Pnnetamne'Lre.
706 1625 773 1689 lx.
796 1624 977 1689 511-527.
1000 1621 1180 1688 544-585.

258 1766 402 1830 Ventum
423 1776 492 1830 erat
514 1768 554 1828 ad
581 1764 752 1845 templum,
786 1761 920 1843 Libyeis
947 1762 1035 1845 quod
1066 1759 1217 1841 gentibus
1242 1781 1344 1821 unum

216 1867 337 1931 Inculti
358 1868 567 1930 Garamantes
587 1866 720 1929 habent.
771 1866 842 1928 Stat
862 1862 995 1927 sortifer
1015 1861 1081 1924 illie
1156 1924 1158 1928 ,

217 1967 384 2049 Iuppiter,
407 1978 443 2030 ut
464 1978 656 2040 meruerant,
679 1968 821 2029 sednon
845 1974 899 2026 aut
920 1963 1049 2026 fulmina
1074 1961 1204 2024 vibrans

217 2069 287 2132 Aut
307 2067 416 2131 similis
438 2078 573 2143 nostro,
602 2069 658 2130 sed
679 2066 773 2130 tortis
795 2066 948 2130 cornibus
969 2066 1122 2128 Ammon.

218 2171 295 2234 Non
316 2169 364 2232 illi
383 2168 529 2250 Libycae
551 2179 728 2251 posuerunt
749 2168 823 2229 ditia
846 2178 957 2251 gentes
1279 2169 1344 2230 515

218 2270 355 2351 Templa
376 2291 436 2337 nee
457 2269 539 2334 Eois
560 2271 725 2352 splendent
747 2266 878 2333 donaria
901 2266 1046 2352 gemmis.

220 2370 374 2451 Quamvis
395 2371 593 2452 Aethiopum
615 2369 745 2452 populis
765 2371 975 2452 Arabumque
997 2368 1099 2432 beatis

220 2464 379 2536 Gentibus
401 2482 497 2556 atque
518 2472 605 2534 ludis
627 2493 706 2535 unus
728 2471 769 2536 sit
789 2469 936 2552 Iuppiter
957 2473 1116 2545 Ammon,

218 2572 350 2655 Pauper
371 2573 476 2635 adhue
497 2574 575 2635 deus
596 2583 663 2647 est,
686 2572 779 2636 nullis
802 2572 920 2636 violata
942 2594 1000 2653 per
1023 2594 1137 2636 aevom

220 2670 350 2737 Divitiis
372 2671 504 2735 delubra
525 2683 655 2747 tenens3
685 2695 873 2758 morumque
895 2672 1040 2754 priorum
1279 2679 1346 2739 520

221 2774 347 2837 Numen
369 2773 519 2838 Romano
541 2773 691 2855 templum
715 2774 854 2837 defendit
876 2777 916 2837 ab
939 2795 1033 2838 auro.

221 2875 305 2938 ¹Esse
326 2873 407 2938 locis
429 2876 574 2956 Superos
595 2885 732 2938 testatur
753 2874 833 2938 silva
854 2897 914 2958 per
936 2896 1060 2939 onmem

223 2974 301 3038 Sola
322 2973 432 3039 virens
453 2975 594 3057 Libyen.
638 2975 720 3038 Nam
744 2975 896 3059 quiequid
917 2977 1052 3057 pulvere
1073 2977 1160 3043 sicco

221 3073 361 3157 Separat
382 3078 541 3140 ardentem
562 3075 668 3157 tepida
690 3075 877 3139 Berenicida
901 3078 1017 3159 Lepti,

221 3177 361 3260 Ignorat
380 3176 531 3240 frondes:
554 3178 643 3243 solus
665 3198 774 3243 nemus
796 3177 927 3239 abstulit
948 3180 1097 3245 Ammon.
1279 3187 1347 3249 595

119 3348 126 3357 .
222 3278 381 3341 Silvarum
402 3277 476 3341 lons
498 3298 594 3341 eausa
615 3278 707 3354 loeo,
731 3279 786 3364 qui
806 3279 914 3360 putria
934 3290 1040 3344 terrae

223 3379 350 3463 Alligat
370 3388 403 3442 et
424 3378 558 3444 domitas
580 3382 661 3445 unda
683 3379 845 3445 connectit
867 3401 996 3443 arenas.

225 3677 358 3739 Stabant
379 3678 564 3743 anteferes
585 3680 717 3762 populi,
742 3701 826 3763 quos
849 3681 978 3745 miserat
1000 3685 1087 3759 Eos,

108 3858 113 3866 .
226 3775 464 3861 Cornigerique
485 3780 576 3848 Iovis
599 3782 720 3845 monitu
742 3803 826 3846 nova
847 3783 912 3847 fata
933 3787 1105 3863 petebant:
1282 3790 1343 3851 545

225 3878 288 3938 Sed
310 3876 408 3940 Latio
429 3898 553 3943 cessere
575 3883 664 3956 duci3
691 3881 888 3967 comitesque
911 3883 1070 3950 Catonem

226 3981 352 4052 Orant,
376 3980 524 4061 exploret
544 3982 683 4063 Libyum
706 3996 877 4048 memorata
899 4005 958 4066 per
980 3988 1092 4049 orbem

196 4093 201 4100 '
227 4079 382 4154 Numina,
406 4084 444 4144 de
465 4081 548 4143 lama
573 4092 634 4142 tam
656 4084 746 4167 longi
768 4085 884 4151 iudicet
905 4088 988 4149 aevi.

228 4178 392 4240 Muniums
413 4182 562 4245 hortator
582 4184 742 4245 scrutandi
764 4206 844 4249 voce
866 4190 998 4253 deorum
