2762 4762
1123 222 1184 285 387

151 379 325 446 Tendimus
347 392 380 445 et
401 391 528 445 torvam
549 381 675 444 Boreae
698 379 842 465 glacialis
864 382 905 443 ad
925 380 1075 457 Arcton,

238 471 417 567 Cauarque'
432 493 555 546 montes
577 482 747 547 Ιὶιιεείτεθ.Η

151 583 245 650 Dixit
266 585 447 648 et-incuseo
469 605 578 647 sacrae
601 585 688 649 velut
708 584 804 648 Isidis
826 597 898 649 ante

238 686 343 751 Sistro
365 687 454 751 iores
477 686 618 750 evanuit.
1144 689 1185 754 90

155 792 225 853 Nec
246 801 281 851 tu
303 788 395 871 plura
418 788 517 864 velia,
542 786 669 851 Valeri.
716 784 866 868 Quaerite
889 800 1050 854 tenemus:

239 893 376 972 Stupere
399 911 501 972 porro
523 890 644 954 desine.

156 992 240 1055 Hinc
262 995 375 1055 doctos
397 1013 460 1056 uon
484 992 552 1055 sola
576 992 663 1056 viros
686 990 746 1054 iam
771 991 905 1055 Graecia
927 993 1074 1076 profert,

239 1094 310 1155 Nec
331 1093 399 1157 sola
422 1093 513 1155 tellus
535 1094 631 1157 Itala.

155 1195 240 1258 Hinc
261 1206 309 1257 est
332 1194 476 1259 multifidi
497 1195 577 1259 felix
598 1195 752 1257 industria
774 1197 895 1281 Belgae
1145 1201 1184 1261 95

239 1298 337 1359 Artes
361 1296 390 1358 in
414 1317 523 1359 omnes
544 1296 642 1362 utilia.

154 1399 240 1462 Hinc
263 1400 404 1489 lyaravm
417 1399 542 1497 'sollers
564 1408 596 1461 et
618 1397 790 1480 piscatoria
810 1403 922 1479 cymba

239 1500 354 1565 Multis
377 1503 538 1563 tremenda
560 1501 726 1564 classibus.

155 1602 242 1667 Hinc
265 1602 387 1665 numeri
408 1601 515 1665 faciles
538 1615 569 1666 et
591 1603 655 1666 rasi
675 1602 799 1684 pumice
823 1624 934 1667 versus
971 1595 974 1602 ’

242 1707 417 1787 'l'ubaeque
440 1705 574 1790 claugor
595 1724 723 1770 aureae.
1126 1711 1188 1770 100

155 1809 241 1872 Hinc
262 1807 345 1871 inter
367 1807 484 1887 primas
507 1808 648 1872 animosa
670 1808 836 1891 tragoedia
860 1811 964 1894 magui
1053 1846 1058 1863 ι

241 1911 285 1972 Et
307 1909 473 1971 invidenda
497 1908 618 1972 Grotii.

156 2007 243 2070 Hinc
265 2018 313 2069 est
335 2006 527 2070 Sarmaticae
549 2007 662 2069 fidicen
684 2007 908 2072 celeberrimus
931 2030 1027 2085 orae,

242 2109 309 2171 Par
332 2107 507 2172 Caeimirus
531 2109 680 2189 Orpheo.

156 2210 264 2285 lacta,
290 2208 412 2288 Tybri,
437 2221 529 2285 tuos,
554 2221 673 2293 quanto
695 2221 787 2293 potes
811 2232 888 2288 ore,
914 2213 1043 2294 poetas:
1126 2216 1187 2276 105

240 2314 306 2376 Suo
329 2313 501 2395 triumphat
521 2312 663 2376 Vistulaa

522 2535 723 2548 *-

75 2717 155 2783 XX.
192 2721 257 2783 AD
279 2706 613 2783 BARTHOLDUM
643 2720 874 2785 NlHUSIUM
897 2723 943 2784 V.
969 2720 1011 2785 C.
1035 2722 1186 2786 META-

486 2839 770 2902 MORPHOSIS.

158 3007 195 3067 In
219 3027 302 3068 nova
326 3026 388 3067 nou
411 3015 530 3067 temere
552 3016 685 3067 irritatas
708 3008 802 3068 erede
824 3007 1015 3090 Pelasgum,

242 3106 437 3180 Barmolue,
461 3106 582 3169 formas
605 3128 764 3188 corpora,

326 3207 566 3290 Qualieeuuque
590 3208 685 3290 legis.

157 3344 314 3435 Nimirum
337 3368 450 3409 emmae
472 3347 625 3419 subsunt,
651 3367 708 3408 cur
729 3347 781 3410 ilie
803 3347 975 3425 iuvencuey

241 3449 333 3510 Haec
355 3469 452 3510 vacca
476 3448 545 3510 fiat.
592 3447 739 3528 Corripit
1171 3452 1189 3515 5

326 3547 481 3612 Proxima
502 3549 607 3613 forma
631 3570 760 3613 novam.

158 3689 310 3772 Obriguit
333 3689 462 3763 Battum
486 3690 542 3752 sed
563 3686 635 3751 duri
657 3685 794 3751 rusticus
818 3687 897 3751 oris.

242 3793 370 3872 Lupum
395 3794 528 3870 Lycaon
551 3790 719 3873 exprimit,

325 3890 463 3957 Saevior
484 3904 555 3956 ante
576 3893 668 3975 lupo.

156 4034 264 4096 instar
286 4032 401 4095 montis
423 4031 518 4094 Atlas
538 4031 576 4092 fit
597 4052 706 4095 mone:
731 4031 767 4094 fit
789 4051 904 4095 aranca
927 4029 1056 4097 textrix.
1150 4031 1191 4091 10

326 4235 405 4299 Flos
428 4233 628 4315 Hyacinthus
656 4247 737 4299 erat.
803 4262 804 4267 ¹
