2762 4762
181 414 185 417 .
278 333 318 395 In
339 332 459 397 somnis
480 326 610 419 quoties
632 333 758 418 gelidos
780 334 910 398 haurire
931 336 1074 418 liquores

341 426 442 490 Visus
464 438 496 490 et
516 420 658 492 herboso
680 428 801 511 pellere
822 429 914 493 fonte
936 429 1035 493 sitim!

279 525 387 604 Quom
409 520 485 584 mihi
506 541 675 584 succensas
696 531 838 586 torreret
859 522 972 595 anhela
995 524 1145 601 medullas
1278 528 1329 592 35

341 615 457 679 Febris
486 625 518 679 et
539 627 611 678 ante
634 615 747 680 octrios
770 636 858 679 mors
879 615 967 679 foret
988 626 1059 679 atra
1080 638 1181 682 meos.

280 708 379 773 Salve
401 720 487 771 terra
511 729 598 772 meae
620 728 753 773 servans
776 709 931 772 cunabula
954 709 1078 792 gentis,

344 804 448 864 Terra
469 812 585 884 potens
607 820 710 886 aequo
731 800 802 864 iure
824 801 993 886 Deumque
1016 816 1114 868 metu.

281 894 393 959 Serior
413 893 464 957 his
487 894 603 957 utinam
626 915 677 957 me
699 895 837 957 vallibus
859 906 997 979 occupet
1017 909 1127 976 aetas,

343 987 433 1067 eras
455 986 529 1049 olim
552 997 680 1051 veteres
701 987 879 1052 incoluistis
901 980 967 1053 ari.
1278 993 1329 1054 40

278 1082 350 1144 Nec
372 1079 447 1142 mihi
469 1078 619 1142 deliniant
641 1081 755 1144 hortus
776 1080 898 1165 fidique
920 1084 1065 1159 sodales,
1125 1116 1127 1121 ⁴

342 1175 413 1237 Nec
436 1173 562 1257 liquor,
586 1172 618 1236 in
640 1172 753 1255 patriis
775 1196 868 1259 quem
890 1175 965 1239 tulit
985 1197 1049 1240 uva
1070 1175 1168 1261 iugis.

279 1269 351 1332 Nec
371 1268 463 1348 lyra,
488 1267 728 1331 maturis·vires
750 1267 959 1331 adimentibus
981 1268 1086 1347 annis,

343 1359 452 1424 Triste
475 1359 646 1423 senectutis
669 1381 750 1444 quse
772 1362 844 1427 leve
866 1364 979 1425 reddat
1002 1382 1097 1426 onus.

280 1452 476 1538 Pegasides,
500 1452 629 1536 requies
652 1474 800 1517 eumarum
822 1455 892 1520 sola
914 1472 1075 1532 mearum,
1279 1455 1325 1518 45

343 1548 417 1612 Vos
441 1567 525 1630 ego,
548 1549 637 1630 quod
658 1559 824 1629 superest,
848 1559 973 1630 tempus
993 1549 1025 1610 in
1049 1567 1142 1611 omne
1164 1545 1291 1621 eolam3

280 1640 354 1705 Vos
377 1643 448 1702 date
470 1638 646 1716 Castaliae,
670 1651 778 1703 vatum
800 1639 853 1723 pia
874 1640 1026 1715 numina,
1049 1651 1159 1704 vestro

343 1733 447 1797 Plena
468 1734 630 1796 sacerdoti
649 1734 767 1815 poeula
788 1754 901 1797 rursus
924 1753 1037 1816 aquae.

281 1827 352 1892 Nec
375 1824 451 1888 mihi
472 1823 513 1889 sit
535 1827 671 1898 damno,
696 1828 783 1910 quod
805 1847 855 1889 me
877 1826 1046 1889 lacrimosa
1067 1825 1177 1911 eoe‘git
1256 1896 1259 1900 ¹

343 1918 475 1984 Proelia
498 1921 628 1982 deserto
651 1919 746 1982 Mars
767 1919 926 1982 Helicone
947 1919 1051 2003 sequi.
1280 1922 1325 1985 50

282 2015 359 2079 Non
381 2032 445 2096 ego
467 2010 623 2093 supposui
644 2009 736 2074 tectis
757 2010 937 2074 insontibus
958 2011 1067 2095 ignes,

344 2108 443 2170 Facta
464 2125 523 2167 nec
545 2101 661 2167 iniusta
683 2115 731 2166 est
753 2106 886 2168 dextera
908 2108 1004 2169 caede
1026 2125 1159 2172 nocens.

222 2180 227 2207 ¹
281 2203 327 2265 Et
349 2200 424 2263 lieet
446 2200 484 2260 ad
508 2218 640 2282 magnos
663 2196 799 2262 victoria
821 2199 949 2262 flexerit
968 2201 1097 2277 hostes,

344 2295 445 2358 Arma
467 2302 571 2355 tamen
594 2310 689 2353 eausa
710 2312 773 2374 pro
796 2292 933 2357 meliore
954 2293 1024 2357 tuli.

278 2389 352 2453 Vos
375 2404 593 2470 quoquotum
617 2384 714 2449 lituos
736 2384 820 2447 inter
843 2387 1013 2449 veneratus
1036 2397 1069 2449 et
1089 2405 1200 2460 enses,
1282 2386 1323 2449 55

345 2480 505 2561 Quodque
526 2476 588 2540 snit
609 2498 743 2555 vacuum
766 2489 894 2561 tempus
917 2480 956 2540 ab
978 2480 1090 2554 hoste,
1114 2477 1199 2540 dedi.

282 2574 397 2655 Deque
418 2583 469 2635 tot
490 2569 610 2633 amissis
632 2568 725 2633 etium
748 2579 841 2635 nrrnd
853 2593 955 2654 panca
978 2581 1149 2653 supersunt

345 2663 513 2740 Carmina,
537 2661 666 2726 militiae
688 2673 835 2748 tempore
857 2665 942 2729 lacta
964 2685 1063 2731 meae.

282 2759 376 2823 Vade
400 2759 557 2840 agedum,
581 2776 755 2821 consuesce
777 2757 844 2840 legi
867 2759 1074 2843 manibusque
1095 2755 1216 2833 teneri,

346 2852 471 2927 Perre,
495 2851 553 2912 sed
575 2848 699 2915 auctori
720 2871 792 2915 care
814 2852 921 2916 libelle
943 2857 1019 2917 tuo!
1277 2851 1322 2913 60
1344 2849 1349 2866 “

282 2945 358 3008 Non
381 2964 445 3028 ego
467 2953 498 3006 le
521 2940 616 3005 viridi
639 2942 736 3026 genui
757 2946 923 3027 proiectus
944 2947 976 3011 in
999 2948 1130 3022 umbra,

347 3036 422 3100 Otia
445 3056 525 3118 quae
547 3034 647 3098 sacris
670 3035 795 3101 vatibus
817 3060 886 3103 esse
909 3040 1035 3105 solent:

281 3133 344 3195 Sed
366 3129 505 3212 trepidas
526 3127 609 3191 iuter
630 3133 873 3213 pugnas,*dum
897 3129 1037 3196 Carolus
1059 3130 1154 3194 armis

346 3221 466 3288 Caesar
489 3223 527 3284 ad
548 3219 702 3285 infaustas
724 3222 870 3286 fulminat
891 3224 986 3288 Albis
1009 3245 1120 3308 aquas.

284 3320 337 3382 'l'u
352 3315 435 3380 ,mibi
457 3334 603 3377 curarum
626 3315 773 3399 requies:
796 3326 832 3379 tu
854 3317 944 3380 dulce
965 3317 1132 3392 laborum,
1279 3321 1321 3384 65

345 3411 446 3490 Saepe
471 3408 521 3469 vel
544 3408 683 3470 obseura
704 3420 818 3485 noete,
842 3409 985 3473 levamen
1008 3430 1094 3473 cras.
1348 3420 1349 3425 ’

282 3501 524 3583 Qualiscumque
547 3500 623 3563 meis
645 3499 737 3563 vivas
759 3500 940 3565 diuturnior
962 3501 1069 3578 annis,

345 3596 473 3678 Perque
497 3614 605 3656 manus
629 3614 719 3656 serae
740 3593 937 3676 posteritatis
960 3617 1027 3658 eas.
1108 3628 1110 3633 ·

284 3687 410 3770 Aspera
433 3711 503 3753 cnm
526 3685 664 3750 numeris
688 3685 893 3771 gravioribus
917 3708 1004 3751 arma
1025 3686 1146 3752 valete!

346 3779 418 3843 Pax
439 3779 546 3858 iurat,
570 3778 604 3843 in
625 3778 745 3844 teneris
767 3778 829 3842 sint
850 3780 919 3844 mea
939 3802 1040 3867 regna
1060 3778 1175 3847 modia,
1280 3783 1321 3844 to

591 4105 928 4133 Q*
