2772 4750
235 184 274 244 76

235 335 480 419 Permixtasque
501 333 619 395 dabant
640 327 782 414 equitum
802 325 1008 410 peditumque
1027 325 1147 388 ruinas.

235 442 319 504 Nam
340 448 528 501 transversa
548 432 638 496 seros
659 430 790 494 exibant
811 426 913 492 dentis
934 430 1064 490 adactus

169 555 176 561 ’
234 543 379 605 Iumenta
401 548 455 600 aut
472 532 607 617 pedibus
630 541 744 594 ventos
762 541 870 594 erecta
892 532 1061 612 petebant:

235 641 479 728 Nequidquam3
502 633 652 722 quoniam
674 636 715 695 ab
736 632 847 696 nervis
869 631 993 696 succisa
1016 631 1142 697 videres

236 742 420 810 Concidere
442 750 536 825 atque
558 736 652 822 gravi
672 747 792 799 terram
815 745 1022 799 consternere
1042 756 1129 797 casu.

238 848 271 911 Si
294 867 378 931 qnos
396 854 467 907 ante
490 839 577 907 domi
600 838 740 903 domitos
762 836 840 900 satis
860 858 928 900 esse
947 839 1119 918 putabant,

236 952 461 1015 Effervescere
479 945 652 1010 cernebant
668 941 701 1004 iu
721 942 818 1004 rebus
841 938 975 1023 agundis

235 1048 452 1122 Volucribus,
475 1046 634 1119 clamore,
656 1043 749 1127 fuga,
771 1054 916 1117 terrore,
938 1040 1093 1114 tumultu;

236 1157 307 1218 Nec
327 1160 478 1235 poteraut
500 1147 596 1211 ullam
618 1156 742 1227 partem
764 1145 918 1207 reducere
941 1164 1072 1207 eorum:

236 1253 440 1338 Diffugiebat
461 1249 545 1314 cuim
569 1246 691 1310 varium
715 1266 816 1329 genus
836 1266 930 1308 omne
950 1245 1109 1319 serarum,

238 1362 281 1422 Ut
303 1378 386 1419 nunc
407 1374 501 1436 saepe
517 1354 620 1415 boves
642 1351 754 1412 Lucae
771 1349 862 1411 ferro
880 1348 959 1411 male
983 1358 1103 1411 mactae

237 1457 438 1543 Diffugiunt,
460 1455 531 1519 iera
551 1453 639 1517 sacta
661 1450 727 1514 suis
749 1471 847 1536 quom
865 1450 960 1512 multa
986 1452 1114 1514 dedere.

302 1559 358 1624 Sic
378 1556 458 1632 fuit,
481 1567 515 1619 ut
537 1556 698 1619 facerent:
721 1557 778 1616 sed
799 1551 855 1615 vix
875 1554 1037 1628 adducor,
1061 1562 1095 1613 ut
1113 1561 1185 1615 aute

238 1666 315 1728 Non
336 1659 478 1746 quierint
497 1657 603 1721 animo
622 1654 818 1739 praesentire
841 1664 935 1738 atque
959 1653 1087 1730 videre,

238 1767 342 1845 Quam
365 1781 532 1827 commune
552 1759 667 1822 malum
687 1758 792 1820 fueret
810 1755 1005 1840 foedumque
1027 1755 1190 1819 futurum:

238 1869 283 1932 Et
302 1863 403 1948 magis
417 1864 451 1927 id
466 1861 573 1946 possis
590 1861 711 1925 sactum
736 1861 928 1923 contendere
940 1856 981 1920 ‘iu
1000 1858 1104 1933 omni,

239 1972 275 2034 ln
295 1966 394 2033 variis
413 1964 535 2028 mundis
556 1963 646 2027 varia
666 1961 792 2025 ratione
815 1959 930 2023 creatis

238 2073 343 2152 Quam
364 2081 455 2133 certo
477 2077 571 2152 atque
590 2085 654 2129 uno
676 2076 835 2128 terrarum
853 2062 1000 2147 quolibet
1018 2064 1105 2128 orbi.

241 2175 305 2236 Sed
326 2170 434 2234 facere
456 2169 490 2232 id
509 2188 575 2232 non
596 2177 659 2228 tam
675 2162 831 2227 ‘vincundi
852 2187 909 2248 spe
929 2166 1104 2230 voluerunt

240 2274 343 2353 Quam
367 2275 460 2347 dare,
484 2272 572 2355 quod
595 2276 759 2351 gemerent
778 2266 888 2329 hostes
908 2266 1052 2352 ipseique
1069 2269 1198 2352 perire,

240 2374 324 2456 Quei
348 2394 480 2436 nurnero
505 2370 687 2434 diffidebant
709 2367 868 2453 amnisque
890 2372 1060 2434 vacabant.

302 2473 431 2539 Nexilis
451 2484 522 2535 autc
542 2472 603 2534 suit
625 2470 723 2534 vestis
744 2486 837 2555 quam
860 2471 972 2536 textile
996 2484 1143 2558 tegmen:

242 2576 372 2642 'textile
394 2584 470 2657 post
492 2574 612 2638 serrum
636 2585 701 2648 est3
725 2571 799 2658 quia
818 2572 910 2637 ferro
930 2575 994 2637 tela
1011 2586 1165 2657 paratur:

240 2684 310 2745 Nec
328 2676 454 2741 ratione
474 2675 536 2738 alia
556 2686 691 2758 possunt
714 2686 777 2737 tam
798 2672 883 2737 levia
907 2675 999 2761 gigni

239 2780 351 2846 Insilia
373 2800 411 2841 ac
434 2776 534 2852 susci,
556 2776 658 2840 radiei
680 2776 851 2861 scapeiquc
873 2789 1035 2842 sonantes.

303 2884 347 2946 Et
368 2881 478 2945 facere
500 2889 571 2942 ante
593 2879 684 2942 viros
704 2879 808 2942 lanam
830 2890 943 2944 natura
966 2880 1078 2966 co'e‘git
1117 2930 1119 2939 ,

240 3140 316 3186 e'lmen
333 3138 518 3196 ecreplr'ttcrtcn
538 3133 647 3198 Wuffen.
686 3132 761 3181 132⁹.
783 3135 1006 3182 eoncedente.
1026 3118 1150 3184 adauctus
1163 3141 1201 3184 vel
1214 3140 1249 3185 ud
1260 3147 1346 3185 duetus.

239 3210 274 3256 ud
289 3212 355 3255 ictuc
370 3209 410 3253 Pii
426 3208 489 3254 coni.
507 3206 612 3251 aductus
625 3206 655 3250 Α.
669 3205 698 3250 Ι..
713 3206 743 3249 11.
760 3219 820 3263 quac
836 3206 931 3264 quidem
946 3220 1008 3262 uox,
1029 3213 1054 3252 ut
1068 3215 1210 3253 eurnmutue
1224 3216 1247 3254 ct
1258 3212 1303 3254 alia
1313 3223 1345 3263 ap.

239 3282 337 3325 Luerct.
354 3279 554 3332 caretexempto.
583 3276 644 3319 ltine
661 3276 703 3323 W.
724 3276 753 3319 dc
774 3276 837 3320 coni.
860 3273 895 3320 ad
912 3283 998 3332 uetur,
1018 3272 1143 3339 ἐλάσεις.
1176 3281 1268 3324 Verum
1285 3279 1348 3322 exire

240 3346 360 3403 attrito,
377 3344 464 3401 1216.)
483 3360 536 3391 cum
556 3345 659 3399 simplici
677 3346 812 3389 accusativo
827 3345 945 3389 construit
956 3346 1054 3393 Lucret.
1074 3347 1123 3392 Nec
1138 3361 1197 3393 vcro
1214 3350 1347 3408 cogitatione

240 3418 346 3474 suppleri
366 3419 459 3471 potest,
480 3417 542 3472 quod
559 3414 656 3457 volebat
672 3414 764 3466 wau„
782 3426 880 3471 reprom
905 3420 931 3459 ut
945 3420 1114 3462 construatur:
1141 3420 1190 3472 „ad
1208 3420 1275 3464 feros
1292 3422 1347 3461 actus

240 3488 337 3534 exibant
351 3482 451 3541 apros.''
465 3484 578 3529 Ceterum
587 3482 617 3527 E.
629 3495 635 3526 :
650 3481 764 3527 dentibus
774 3482 914 3538 adauctu&
927 3484 955 3529 C.
968 3497 974 3530 z
989 3485 1104 3531 dentibus
1117 3487 1194 3531 ictuc.
1234 3485 1306 3533 1333.
1317 3485 1348 3528 eie

142 3564 145 3569 “
240 3559 270 3602 1..
282 3557 313 3600 Η.
358 3551 434 3599 1337.
453 3549 551 3598 rcridm
569 3576 579 3588 ·
598 3576 608 3588 ·
619 3547 740 3609 ferorum
757 3554 799 3596 W.
819 3553 883 3597 inani
901 3556 965 3599 coni.
1011 3552 1088 3600 134⁰.
1108 3556 1151 3600 ste
1170 3557 1216 3601 Ar.
1232 3558 1261 3604 P.
1281 3558 1309 3600 Α.
1324 3554 1347 3596 L.

238 3626 332 3672 Eichst.
352 3647 386 3658 -
403 3623 428 3667 ci
445 3622 506 3667 Gdd.
523 3623 553 3668 G.
570 3619 600 3665 E.
619 3621 680 3665 Edd.
701 3626 759 3666 rett.
780 3621 839 3666 Har.
856 3623 900 3668 W.
926 3625 972 3669 Sed
988 3629 1103 3670 sententia
1119 3627 1248 3670 manifesto
1262 3627 1304 3669 hoc
1317 3638 1348 3666 rc·

240 3696 328 3754 quirit:
347 3692 414 3756 fieri
426 3693 527 3750 potuit,
552 3692 591 3736 eie
615 3696 642 3734 ut
658 3687 789 3748 jacerent.
821 3690 939 3736 Adducor
963 3696 1030 3738 nullo
1048 3694 1170 3740 credendi
1186 3697 1262 3740 verbo
1280 3695 1348 3737 addito

241 3764 405 3809 boberellam
422 3763 483 3817 apud
502 3763 554 3807 Cic.
568 3762 605 3805 vel
624 3774 678 3805 cum
697 3765 760 3815 part.
780 3765 819 3816 ut,
840 3764 1038 3818 quemadmodum
1057 3763 1106 3818 hic,
1125 3767 1162 3808 vel
1176 3779 1231 3808 eum
1243 3763 1348 3808 influitiro

240 3837 412 3880 constructum.
433 3844 456 3875 v.
476 3846 498 3876 c.
519 3833 547 3875 de
560 3832 631 3875 Finn.
647 3828 676 3883 1,
691 3829 715 3874 5.
735 3829 829 3874 adduci
846 3831 890 3875 rix
904 3844 1012 3889 porrum
1031 3839 1057 3877 ut
1075 3848 1105 3877 eu
1124 3858 1134 3869 ·
1152 3859 1162 3870 ·
1180 3834 1228 3877 11ὸί
1238 3848 1289 3878 non
1300 3844 1348 3876 reru

240 3904 387 3955 redeuntum
406 3903 434 3946 de
444 3901 525 3946 Dirin.
539 3900 549 3945 l
560 3932 567 3954 ‚
584 3897 625 3944 18.
645 3913 691 3942 nec
704 3898 819 3944 adducar
830 3925 840 3937 ·
853 3926 862 3936 -
873 3900 900 3944 in
912 3903 983 3957 extis
997 3908 1075 3946 totum
1089 3901 1225 3947 Etruriam
1237 3903 1347 3948 delirare.

242 3970 318 4018 13t2.
331 3968 421 4032 fueret
435 3974 495 4016 Ver.
512 3974 572 4014 Veu,
586 3968 632 4013 Ar.
643 3968 689 4023 P.;
712 3983 770 4026 qnae
784 3969 879 4024 foruna,
900 3971 945 4015 etsi
964 3971 1089 4026 obsoleta,
1109 3972 1237 4017 obliterari
1255 3987 1302 4017 nou
1318 3971 1347 4012 de·

241 4044 291 4087 brut
299 4073 305 4097 ,
327 4044 402 4087 iudice
415 4042 486 4086 etium
499 4038 618 4085 Bentleio.
638 4038 716 4083 Aliter
731 4052 756 4082 sc
769 4038 841 4083 habet
853 4037 884 4094 3,
898 4037 959 4087 849.
975 4041 1014 4085 ubi
1026 4041 1076 4087 Gis.
1091 4042 1180 4087 edidit:
1200 4042 1229 4085 in
1240 4040 1348 4097 ductoque

232 4109 336 4172 fueret,
356 4112 422 4170 qnasi
441 4109 598 4165 dissyllabum
617 4113 695 4153 essct:
716 4109 776 4152 uude
790 4109 942 4154 Porcellinus
961 4112 985 4154 in
1003 4124 1026 4155 v.
1038 4108 1116 4169 suum
1133 4113 1228 4155 laudat:
1248 4112 1276 4155 in
1288 4108 1348 4153 dubio

233 4178 337 4241 fueret,
357 4195 417 4238 quae
432 4181 503 4226 lectio
519 4180 583 4223 omni
599 4182 669 4222 caret-
680 4177 833 4222 auctoritate.
854 4198 888 4212 ·-
899 4177 977 4240 fieret
995 4180 1089 4234 Οο11.,
1108 4182 1182 4227 ctiam
1197 4180 1227 4225 C.
1241 4180 1273 4224 Ε.
1293 4178 1348 4222 Brit.

241 4251 323 4295 t.w.
336 4250 428 4295 Eichst.
443 4271 476 4284 -
488 4244 580 4309 sttcrut
591 4248 619 4293 L.
631 4248 662 4293 11.
681 4247 764 4292 Etiam
773 4246 848 4293 Forb.
856 4246 937 4309 fieret
948 4274 958 4288 ·
974 4245 1108 4309 ·suturum
1115 4263 1126 4304 ;
1145 4251 1169 4296 id
1185 4252 1248 4308 quod
1265 4248 1349 4294 omnim
