2736 4748
197 132 262 197 280

261 287 329 351 Per
354 301 485 348 nemora
506 288 540 345 et
561 278 698 358 campos
712 269 862 356 protinas
886 270 1037 351 Elysios!

196 390 304 470 Rapta
326 398 375 451 est
391 395 509 448 octavo
527 378 602 445 latis
622 376 815 440 instantibus
836 394 939 451 anno,

152 534 155 541 -
264 488 426 570 Carpehat
446 483 532 548 vitoe
551 491 698 562 tempora
720 480 792 540 diam
814 487 954 538 tenerae.

198 591 359 656 Formosa
380 597 413 650 et
434 606 528 648 sensu
549 580 703 646 mirabilis
727 589 759 640 et
782 597 880 658 super
903 594 1003 639 annos

197 668 200 677 ,
261 691 388 764 Docta,
414 688 548 759 decens,
571 679 672 744 dulcis
695 689 850 763 grataque
872 676 1042 740 blanditiis.

199 793 365 873 Perpetuo
387 787 458 851 talis
480 785 600 869 gemitu
621 779 825 863 lacrimisque
844 778 999 853 colenda,

263 888 381 953 Infelix
401 906 483 950 aevo
505 897 568 947 tam
589 882 654 946 cito
675 902 756 967 quae
777 878 892 943 caruit.
998 906 1001 911 ¹
1098 902 1102 905 ·

200 991 254 1056 An
276 991 355 1054 felix
376 1007 493 1073 aegrae
514 984 623 1067 potins
647 983 800 1046 subducta
823 979 996 1043 senectae?
1050 1005 1055 1011 ·

264 1091 319 1154 Sic
340 1091 475 1155 Hecuba
497 1085 586 1150 flevit
606 1081 809 1151 Penthesilea
830 1081 945 1144 minuis.

279 1226 460 1293 cxxxv.
491 1223 604 1289 emita
624 1221 716 1285 Aeta
738 1218 843 1303 Ulpii.
876 1218 1028 1299 (annum.
1051 1218 1095 1282 n.
1121 1218 1153 1280 a.
1175 1215 1240 1294 aa)

244 1340 340 1401 Hanc
361 1337 466 1399 sedem
488 1335 589 1416 longo
609 1332 730 1414 placuit
750 1350 877 1393 sacrare
898 1328 1023 1402 labori,

203 1440 297 1503 Hanc
315 1437 474 1522 requiem,
499 1434 602 1497 fessos
623 1434 747 1495 tandem
770 1453 833 1516 qua
856 1432 1008 1495 conderet
1031 1439 1118 1491 artus

203 1539 319 1619 Ulpius
342 1536 481 1600 emeritis
503 1533 652 1614 longaevi
676 1533 814 1597 intineris
840 1531 947 1595 annis:

203 1641 280 1721 Ipse
303 1659 364 1701 suo
387 1658 494 1699 curam
516 1635 610 1699 titulo
633 1634 736 1708 dedit,
760 1633 829 1715 ipse
851 1629 1014 1714 sepulchri

202 1739 338 1805 Arbiter
360 1736 533 1820 hospitium
556 1733 706 1799 membris
727 1732 860 1817 fatoque
881 1731 1020 1816 paravit.
1286 1729 1300 1791 5
1341 1800 1342 1805 1

225 1878 424 1944 LXXXVI.
454 1877 496 1941 In
515 1873 701 1956 imaginem
721 1840 899 1955 napaeas
931 1871 1081 1951 (aniam.
1108 1871 1151 1935 ι..
1175 1871 1205 1931 1.
1226 1869 1286 1945 aa)

202 1986 329 2052 Intonsi
349 2006 418 2049 sum
441 2005 518 2049 eura
540 1985 590 2050 dei
611 1986 731 2048 Peneia
756 1983 872 2066 virgo,

266 2088 448 2169 Perpetuae
469 2086 606 2168 pulchro
627 2084 751 2150 frondis
772 2086 898 2148 honore
923 2082 1041 2163 virens.
1121 2098 1124 2103 '

205 2187 357 2270 Quisquis
377 2206 462 2251 amas
483 2188 672 2261 Phoebum,
697 2186 818 2249 lausaim
842 2186 933 2262 colea
957 2181 1111 2269 quidquid
1129 2192 1245 2245 amatae

267 2288 435 2365 Deditnr,¹
449 2298 611 2369 acceptum
635 2299 745 2372 gratus
767 2298 891 2352 ainator
911 2289 1020 2350 habet.

361 2426 580 2517 auxum.
616 2426 741 2493 rutae.
779 2425 931 2501 (aaran.
955 2427 997 2492 L.
1019 2428 1052 2490 a.
1077 2424 1165 2503 aaa.)

205 2537 305 2607 Iulia,
329 2557 411 2619 qiaao
433 2536 531 2619 longa
554 2535 660 2625 literas
681 2536 864 2621 dignissima
892 2535 975 2615 vita,

269 2637 416 2712 Occidis,
441 2659 458 2700 e
482 2648 595 2701 nostro
616 2649 707 2720 rapta
731 2640 833 2719 puella
860 2639 943 2702 sinu.

206 2743 269 2803 Sed
292 2761 398 2802 comes
422 2737 545 2801 ardenti
567 2761 650 2802 natue
671 2740 761 2823 degis
781 2741 885 2805 iuncta
911 2740 1081 2815 Coronae,

269 2842 363 2906 Nunc
387 2840 520 2903 Helicen
543 2840 676 2921 propius
700 2841 803 2903 cernis
828 2854 859 2903 et
880 2845 1131 2905 Andromedam.

205 2943 263 3008 Mc
285 2941 422 3017 crisciat,
447 2941 607 3016 coniunx,
633 2943 844 3027 miserumque
868 2944 1002 3006 absumit
1022 2953 1176 3008 amantem
1290 2936 1304 2998 5

268 3045 390 3105 Saevus
414 3064 524 3117 arnor,
546 3043 639 3105 nullis
662 3044 788 3126 ignibus
807 3044 955 3109 inferior.

205 3145 353 3225 Namque
377 3165 441 3226 ego
460 3165 517 3225 teta
537 3147 634 3208 rebus
655 3143 771 3209 fuerim
795 3145 958 3209 districtus
982 3144 1112 3229 agendis

267 3247 331 3306 Seu
350 3233 488 3309 dederim
511 3266 614 3309 vacuo
636 3245 784 3329 languida
807 3250 945 3309 membra
969 3257 1068 3322 toro,

206 3348 258 3411 Tu
282 3346 356 3407 mihi
379 3338 625 3427 semperades,¹
642 3358 695 3409 tua
719 3369 870 3426 praesens
892 3368 1018 3428 semper
1040 3347 1147 3430 imago
1169 3358 1234 3424 est,

241 3448 246 3455 ’
271 3449 361 3525 Quae
386 3448 501 3511 inisero
525 3460 652 3511 moveat
676 3449 779 3518 flebile
803 3450 993 3531 cordolium.
1276 3447 1307 3508 lt

206 3548 307 3628 Impia
333 3569 390 3612 cur
411 3560 563 3627 teneros,
587 3572 607 3613 o
633 3552 749 3623 Mors,
775 3550 929 3634 disiungis
955 3562 1111 3628 amantes,

271 3650 362 3726 Quam
387 3652 466 3713 bene
489 3651 683 3718 convenicus
705 3652 885 3717 conciliavit
908 3652 1036 3717 Amor?

206 3788 443 3856 LXXXVIII.
471 3794 512 3855 Iu
534 3793 688 3857 Athenas
709 3803 743 3857 et
764 3794 949 3878 Mycenas.
978 3793 1129 3867 (Anthol.
1154 3794 1196 3856 L.
1220 3790 1250 3853 3.
1271 3786 1306 3863 l.)

208 3897 359 3982 Quisquis
382 3897 561 3979 Cecropias
584 3902 702 3986 hospes
724 3904 894 3986 cognoscit
916 3903 1080 3979 Athenas,

241 4139 245 4148 Ι
275 4073 432 4179 Lxxxvtlls.
453 4069 477 4114 3.
498 4070 597 4118 cedenti
615 4089 643 4119 ex
658 4076 733 4124 Codd.
754 4079 882 4133 aetherios
900 4083 930 4126 B.
975 4079 1006 4127 5..
1017 4082 1185 4143 miserumque
1200 4096 1229 4128 ex
1246 4079 1306 4126 enat.

211 4151 259 4181 1718
275 4154 331 4181 ΝΜ
350 4153 388 4180 lm
429 4168 436 4179 0
