2736 4748
229 200 294 263 238

229 359 390 422 Fumosos
410 351 554 435 eqtrituna
577 369 648 410 cum
671 344 827 408 dictatore
850 343 1041 427 magistros,

230 460 263 522 Si
287 478 393 522 corana
416 451 551 535 Lepidis
575 451 655 512 male
679 446 820 512 vivitur?
843 445 976 530 Effigies
998 467 1064 530 quo

230 564 297 625 Tot
319 559 530 629 bellatorum,
555 553 581 615 si
603 551 723 614 luditur
745 552 811 613 alea
835 570 965 630 pernox

221 667 315 727 Ante
337 655 575 723 Numantinos?
597 653 623 717 si
646 651 787 717 dormire
808 651 921 732 incipis
945 661 1021 714 ortu

229 762 392 836 Luciferi,
417 780 482 846 qtro
505 757 594 842 sigua
617 759 713 818 duces
736 765 767 817 et
788 763 893 815 eastra
916 752 1115 817 movebant?

230 866 301 931 Cur
323 859 546 945 Allobrogicis
569 870 600 921 et
623 878 734 941 magna
758 859 895 940 gaudeat
918 877 973 918 ara

177 996 181 1001 ·
230 970 333 1031 Natus
354 964 386 1028 in
410 963 573 1027 Herculeo
595 959 716 1023 Fabius
738 960 826 1032 lare,
850 958 878 1021 si
900 957 1050 1040 cupidus,
1076 957 1103 1020 si

230 1072 344 1133 Vanus
366 1079 398 1130 et
420 1069 574 1150 Euganea
597 1061 800 1147 quantumvis
825 1060 953 1124 mollior
975 1058 1085 1144 agna?

231 1171 265 1236 Si
287 1185 429 1234 tenerum
453 1165 579 1230 attritus
602 1163 765 1229 Catinensi
787 1161 912 1245 pumice
935 1164 1075 1224 lumbum

230 1273 421 1356 squalentes
443 1270 581 1333 traducit
603 1287 682 1331 aros
706 1277 897 1348 emptorque
921 1263 1036 1327 veneni

232 1375 426 1454 Frangenda
450 1370 596 1434 miseram
619 1367 759 1430 funestat
781 1367 918 1451 imagine
942 1365 1093 1449 gentem?

232 1480 319 1541 Tota
343 1475 416 1538 licet
437 1485 566 1536 veteres
588 1481 747 1534 exornent
769 1471 909 1553 undique
931 1489 1026 1530 cerae

232 1578 345 1653 Atria,
370 1573 521 1641 nobilitas
543 1573 612 1636 sola
636 1583 802 1653 astatque
825 1571 919 1633 runica
942 1571 1057 1633 virtus.

232 1680 366 1745 Paullus
389 1679 440 1741 vel
464 1675 587 1740 Cossus
611 1674 663 1736 vel
686 1673 813 1736 Drusus
837 1671 979 1735 moribus
1005 1683 1097 1734 esto:

232 1784 305 1846 Hos
328 1791 400 1843 ante
423 1778 544 1861 effigies
566 1776 722 1839 maiorum
744 1795 829 1855 pone
853 1777 1001 1837 tuorum!

232 1885 432 1948 Praeeedant
453 1881 538 1963 ipsas
560 1878 624 1955 illi,
649 1889 680 1939 te
702 1876 857 1950 consule,
881 1874 1005 1959 virgas.

232 1985 342 2050 Prima
366 1982 441 2046 mibi
463 1985 560 2046 debes
583 1978 678 2043 animi
700 1981 798 2042 bona.
843 1980 978 2041 Sanctus
1002 1978 1113 2041 baberi

232 2086 438 2170 iustitiaeque
461 2097 558 2148 tenax
579 2081 672 2145 sactis
695 2079 849 2161 dictisque
873 2078 1025 2154 tuereris,

234 2191 394 2271 Agnosco
416 2206 597 2268 procerem.
642 2183 756 2256 Salve3
781 2181 968 2257 Gaetulice,
992 2203 1049 2245 seu
1070 2193 1107 2244 tu

234 2289 379 2364 Silanus,
404 2307 596 2372 quocunque
619 2283 682 2349 alio
705 2285 920 2369 desanguine
941 2304 1034 2346 rarus

237 2390 329 2456 Civis
351 2401 383 2454 et
404 2390 554 2474 egregius
575 2388 700 2471 patriae
723 2384 883 2467 contingis
906 2385 1039 2449 ovanti:

234 2601 306 2644 muic.
326 2599 406 2642 schol.
428 2598 577 2642 retinendum
604 2599 694 2642 suadeo
720 2611 763 2642 nec
786 2598 809 2641 in
834 2594 957 2641 dediscere
982 2599 1196 2644 mutandumnum
1215 2600 1279 2644 cdd.
1298 2601 1358 2654 aliu:

235 2666 343 2727 Virgam
369 2672 435 2712 recte
464 2668 634 2722 iuterpretatur
650 2666 724 2710 Web.
749 2667 778 2710 de
803 2666 877 2709 ramis
904 2680 926 2710 s.
952 2668 1022 2710 lineis
1051 2668 1075 2711 in
1100 2668 1181 2712 tabula
1204 2670 1358 2728 genealogica*

234 2736 424 2782 discurrentibus
448 2738 477 2779 ad
501 2735 617 2794 imagines
641 2737 717 2790 pictas
739 2739 763 2779 et
793 2735 947 2793 cognationes
975 2737 1133 2795 signantibus.
1153 2738 1199 2781 cd.
1226 2730 1358 2787 scrivertt,³

234 2806 358 2851 Chernnic.
378 2810 402 2850 et
420 2806 504 2849 tertiae
521 2804 631 2849 Oberlini
645 2804 728 2857 rovta.
742 2803 804 2859 Epp.
821 2817 851 2847 ex
868 2804 947 2848 Ponto
963 2819 990 2866 p.
1009 2804 1079 2860 XV.)
1097 2805 1186 2850 habent
1202 2805 1343 2855 Fabricium,

233 2877 296 2934 qnod
314 2874 468 2918 substitutam
487 2878 524 2919 aet
544 2874 573 2917 ab
590 2875 635 2927 iis,
667 2873 752 2930 quibus
773 2873 914 2928 displicebat
936 2873 1055 2918 Coruinus
1078 2876 1189 2920 iteratus.
1237 2877 1285 2920 Sex
1308 2876 1344 2918 mei

234 2945 295 2989 Cdd.
315 2940 377 2987 bunc
402 2956 424 2986 r.
451 2944 564 2987 omittant
587 2943 644 2986 satis
668 2941 791 2986 &tensam
816 2955 829 2984 a
852 2943 938 2999 Pinzg.
986 2943 1064 2987 Habet
1081 2957 1136 2988 eam
1159 2950 1285 2999 praestana
1309 2945 1343 2988 Cd.

234 3012 351 3057 Einsiedl.
381 3011 412 3057 G.
435 3012 458 3055 in
481 3012 528 3056 ima
550 3012 636 3069 pagina
660 3025 674 3053 a
695 3024 765 3054 manu
790 3012 909 3064 secunda,
941 3013 983 3055 scd
1009 3014 1160 3070 perantiqua.
1212 3014 1238 3058 ls
1268 3026 1345 3071 qnoque

233 3082 390 3141 contingere.
411 3081 473 3124 Tum
492 3080 633 3126 ABCDEG.
651 3077 790 3133 Fumosae,
810 3092 870 3123 unus
887 3080 918 3123 P.
938 3070 1138 3139 reetesumasos.
1160 3078 1201 3128 13.
1223 3083 1256 3140 Q.
1271 3081 1344 3127 Fabius

235 3151 302 3199 Mas.
322 3149 507 3208 Allobrogicae,
528 3151 610 3194 consol
629 3163 654 3193 ιι.
678 3162 700 3192 c.
723 3145 781 3193 ⁶32.
802 3146 877 3192 filiam
895 3147 977 3192 habuit
998 3151 1028 3206 Q.
1051 3151 1111 3195 Feb.
1132 3152 1200 3195 Max.
1222 3152 1343 3199 Persicon,

234 3220 271 3265 cui
295 3219 326 3262 ob
342 3219 459 3273 perditam
475 3219 595 3263 lanariam
611 3219 641 3276 Q.
660 3218 805 3273 Pompeius,
820 3260 824 3269 ,
838 3222 937 3275 praetor
958 3218 1081 3275 urbanus,
1102 3221 1208 3274 paternis
1231 3221 1301 3264 bonis
1319 3200 1356 3295 iri

231 3289 341 3333 ,terdixit
361 3289 416 3336 Val.
434 3288 502 3333 Max.
524 3284 553 3341 3,
574 3287 599 3342 5,
620 3285 645 3341 2,
666 3283 691 3340 3,
713 3283 737 3339 6,
758 3283 819 3330 627.
857 3286 961 3341 Fabius,
993 3293 1077 3332 auctor
1094 3291 1172 3347 gentis
1192 3289 1301 3342 Fabiae,
1324 3299 1344 3331 et

230 3358 336 3402 Hercule
356 3361 380 3400 et
397 3356 525 3411 virduna,
554 3356 658 3400 Evandri
674 3354 740 3409 tilia,
766 3362 834 3399 natus
853 3355 1032 3410 perhibebatur.
1051 3358 1096 3401 sit.
1117 3355 1142 3410 2,
1163 3354 1188 3401 3.
1248 3356 1289 3404 15.
1306 3355 1355 3411 dre}

228 3439 329 3486 -rnagnn
356 3424 504 3483 frequentius
528 3426 654 3469 maxima.
700 3425 810 3468 Attamen
837 3424 916 3469 Tacit.
941 3424 1004 3469 Anu.
1035 3422 1082 3478 15,
1113 3424 1155 3470 tt.
1192 3424 1345 3487 Magnanrc

228 3492 384 3557 sennenque,
415 3508 477 3553 quae
497 3495 631 3553 praesenti
652 3491 759 3537 Herculi
781 3492 863 3538 Arcus
886 3491 1007 3538 Euander
1031 3501 1189 3541 sacraverat.
1243 3492 1345 3556 Euganei

230 3567 337 3620 ,populns
354 3565 422 3608 iuter
441 3564 541 3608 Athesin
566 3568 591 3607 et
607 3563 704 3606 Larium
720 3564 809 3606 lacum.
860 3559 901 3607 16.
921 3559 1010 3608 Catina
1028 3576 1049 3607 s.
1070 3564 1160 3607 catana
1181 3563 1284 3609 Siciliae
1302 3575 1343 3618 opp·

234 3646 308 3688 prope
327 3633 437 3676 Aetnam.
486 3630 527 3677 17.
556 3629 676 3690 traducit]
695 3628 873 3686 „dedecorat”
900 3631 982 3676 Schol.
1003 3654 1034 3665 -·
1058 3631 1177 3687 producit
1193 3646 1283 3679 ornnes
1301 3630 1342 3675 nei.

234 3698 277 3747 21.
297 3700 393 3745 Paulus
412 3700 543 3755 Aemiliae,
569 3696 661 3745 Cossus
680 3701 824 3754 Corneliae,
844 3698 948 3745 Drusus
966 3700 1081 3745 Claudiae
1099 3702 1177 3758 gentis
1203 3682 1354 3767 cognomini

234 3765 278 3814 24.
316 3766 398 3822 ‚uniti
425 3767 510 3828 debes]
540 3763 734 3830 ὀφλισκάνᾱις
767 3782 831 3831 μοι,
865 3782 939 3824 posco
966 3784 981 3813 a
1012 3769 1061 3815 te.'’
1092 3770 1123 3814 G.
1156 3770 1187 3813 Ε.
1228 3772 1343 3817 Weberu.

234 3835 276 3882 26.
296 3835 414 3895 Agnosco
431 3838 571 3896 procerem]
598 3840 643 3893 ,Si
661 3838 775 3885 honestus
791 3839 882 3892 fueris,
903 3844 958 3883 tnnc
975 3843 998 3883 te
1017 3839 1150 3894 principem
1167 3852 1242 3884 aneae
1263 3836 1345 3884 civitatis

233 3907 337 3952 dicam.''
355 3906 435 3951 Sahal.
456 3913 536 3961 recte,
557 3921 659 3969 prorsus
675 3912 701 3951 ut
718 3906 809 3960 Web.,
828 3908 858 3950 ad
876 3907 977 3951 verbum
990 3907 1111 3962 mereris,
1132 3912 1187 3962 post
1205 3912 1277 3964 qnod
1292 3907 1344 3962 utga

233 3978 352 4033 interrog.
373 3976 468 4033 signum
481 3980 587 4029 ponant,
606 3977 631 4019 ai
648 3977 769 4030 supplens.
790 3977 853 4019 uum
872 3977 936 4020 idern
955 3976 1035 4023 Schot.
1055 3977 1113 4021 satis
1133 3977 1244 4021 vindicat
1261 3977 1344 4022 omnir·

234 4044 295 4088 Cdd.
315 4047 371 4088 lect.
386 4055 528 4099 procerem.
566 4043 628 4096 Quia
645 4041 696 4087 fere
714 4045 811 4088 unicum
829 4045 874 4090 hoc
895 4048 1031 4101 exemptum
1046 4058 1069 4088 v.
1085 4057 1180 4102 procer
1196 4059 1271 4091 nnsn.
1288 4047 1343 4100 sing-r

234 4111 355 4169 Reisigins
378 4108 489 4154 colebat:
520 4106 645 4165 Agnosco.
692 4109 846 4167 Procerum,
877 4114 946 4157 ealce
975 4111 1118 4158 Gaetulice.
1147 4133 1183 4146 -
1210 4111 1344 4160 Geeruua

235 4191 366 4236 cognomen
391 4177 421 4220 C.
449 4175 556 4217 Cornelii
586 4173 682 4218 Lentuli
704 4177 775 4222 Casei
795 4182 863 4225 Flor.
885 4180 915 4233 1,
946 4181 994 4238 12,
1026 4180 1068 4228 10.
1100 4182 1205 4228 Silanus
1229 4188 1343 4243 cognouit

234 4245 308 4290 latiae
326 4245 415 4302 gentis.
463 4239 508 4284 28.
527 4241 665 4299 „confingis
687 4246 775 4298 patriae
797 4251 825 4293 de
848 4255 871 4295 te
893 4251 939 4294 sibi
960 4252 1146 4309 congratulanti.
1185 4253 1278 4299 'l'alem
1300 4252 1343 4295 stt·
