2750 4744
1084 224 1144 289 195

31 388 87 451 Vel
110 390 173 451 dano
198 387 250 449 vel
273 407 379 449 nemo.
402 419 444 431 -—
467 388 602 468 „Turpe
625 396 656 448 ol
679 382 891 448 miserabile.’'
916 415 957 428 --
981 381 1112 464 Quare?

31 492 75 552 Ne
97 488 171 551 mihi
193 489 385 567 Polydamas
409 499 441 549 et
464 490 625 551 Troiades
647 489 833 550 Labeonem
1092 550 1099 581 n

30 588 264 654 Praetulerim?
286 592 420 673 Nugae!
445 591 540 665 Non,
566 589 593 650 si
616 589 690 671 quid
712 587 838 649 turbida
861 588 968 652 Roma
1125 589 1143 651 5

31 693 155 767 Eleum,
179 694 313 753 accedas
336 712 533 775 examenque
556 690 741 771 improbum
763 688 795 752 in
817 691 869 753 illa

31 793 173 877 Castiges
195 793 331 868 trutina,
356 783 470 854 necte
493 790 690 875 quaesiveris
714 801 818 853 extra.

30 897 105 956 Nam
129 897 255 958 Romae
278 893 349 975 quis
372 892 462 955 non?
485 894 538 955 Ah
561 891 588 953 si
610 893 657 954 las
681 891 805 955 dicere!
829 897 885 956 sed
906 895 955 959 sas

31 999 118 1058 Turno
141 1017 240 1078 qinom
263 997 301 1056 ad
325 995 468 1056 canitiem
493 1004 525 1056 et
546 1004 689 1056 nostrum
712 994 797 1058 istud
819 996 930 1060 vivere
952 1000 1043 1061 triste

30 1096 171 1178 Adspcxi
193 1118 230 1158 ac
253 1095 387 1158 nucibus
409 1095 541 1157 iacimus
564 1116 772 1179 quaecunque
794 1098 933 1175 relictis,
1107 1104 1146 1163 to

31 1200 130 1278 Quom
148 1199 287 1280 sapimus
303 1208 459 1278 patruos:
484 1209 576 1272 trano,
601 1208 677 1258 tunc
692 1197 863 1281 ignoscite.
881 1235 922 1248 -
943 1203 1093 1274 „Nola”
1107 1238 1147 1248 —

30 1301 112 1380 Quid
133 1298 272 1362 faciam?
296 1301 359 1361 Sed
381 1320 449 1360 sum
471 1298 626 1379 petulanti
648 1300 757 1379 splene
781 1300 949 1365 caehinno.
973 1337 1015 1348 —-

30 1401 200 1464 Scribimus
221 1391 366 1474 inclusi,¹
379 1421 529 1479 nun—ueros
552 1399 622 1480 illc,
647 1400 802 1486 hicpede
824 1395 938 1479 liher,¹
969 1394 989 1455 '?

28 1501 152 1561 Grande
175 1496 314 1581 aliquid,
346 1499 435 1580 quod
455 1497 566 1577 prrltno
589 1496 708 1560 animae
730 1499 918 1582 praelargus
946 1503 1083 1568 anhelet.
1107 1532 1149 1547 —-

29 1600 154 1662 Scilicet
175 1602 255 1662 haee
276 1599 401 1680 popello
424 1584 591 1681 nexusque
614 1609 756 1681 togaque
778 1602 899 1663 recenti
1104 1606 1145 1667 15

27 1703 69 1763 Et
90 1701 231 1763 natalitia
254 1703 378 1762 tandem
400 1721 473 1760 cum
497 1701 695 1779 sardonyche
719 1701 809 1763 albus

29 1805 110 1866 Sede
132 1804 242 1886 legens
265 1802 369 1877 celsa,
394 1799 516 1885 liquido
539 1821 635 1883 quom
658 1802 811 1883 plasmate
834 1814 947 1890 guttur

100 2021 124 2068 1.
144 2047 177 2057 -
188 2021 243 2072 ,Nee
252 2020 319 2067 mihi
329 2021 359 2071 P.
379 2028 402 2066 et
421 2021 468 2067 Tr.
487 2022 587 2066 TESM.
602 2045 634 2055 —
646 2020 698 2067 Nec
717 2021 780 2066 mihi
790 2022 818 2067 P.
834 2044 867 2060 -
882 2038 927 2068 nec
942 2025 987 2071 Tr.
1002 2028 1031 2071 R.
1061 2027 1097 2072 lh.
1116 2055 1148 2065 -·

23 2091 166 2148 {solidamus
186 2093 307 2137 Tnvsnt.
323 2111 355 2125 -
361 2081 519 2149 pollidamaa
537 2092 567 2143 A.
605 2092 643 2135 lb.
657 2111 691 2124 -
705 2091 819 2142 Troades
838 2094 868 2137 Τ.
907 2094 931 2139 5.
951 2117 984 2128 -
995 2110 1056 2146 stum
1074 2099 1099 2141 si
1116 2101 1146 2143 Α.

27 2160 52 2208 6.
71 2152 235 2220 cacumenque]
256 2162 287 2205 Τ.
302 2150 482 2204 -eaamenue
500 2160 621 2203 RVSAM.
642 2184 674 2193 -
694 2175 804 2205 examen
821 2177 850 2206 ne
869 2162 899 2206 E.
938 2161 962 2211 7.
982 2188 1014 2199 -·
1027 2180 1057 2208 ne
1076 2171 1098 2210 te
1117 2168 1146 2215 ll.

26 2231 63 2281 11).
84 2255 116 2264 -
134 2230 276 2289 quaesieris
289 2231 345 2274 ΑΜ.
384 2228 408 2273 8.
421 2228 513 2273 Rornae
528 2229 632 2286 euqnis
645 2230 698 2272 TV.
713 2253 746 2263 -—
759 2228 792 2273 ah
805 2229 880 2289 siJA.
894 2230 1043 2287 (rw.)-at
1058 2227 1082 2277 ei
1094 2235 1147 2281 Tll.

27 2313 99 2343 -ac
116 2301 141 2344 ei
157 2299 256 2343 VESM.
277 2297 300 2346 9.
319 2319 354 2332 -·
370 2297 434 2342 Tum
452 2299 488 2341 M.
509 2318 543 2331 -
558 2296 631 2342 Nune
650 2300 680 2344 V.
701 2298 737 2346 th.
757 2319 791 2331 -
803 2300 922 2343 canitiem
939 2308 1054 2345 nostrum
1068 2305 1099 2347 V.
1114 2327 1149 2341 .-

25 2371 144 2413 cauiliem
162 2374 322 2426 nostrumque
340 2368 369 2411 ll.
409 2364 450 2412 111.
471 2390 504 2400 -
523 2372 547 2409 et
563 2380 622 2410 urae.
641 2369 671 2411 Α.
708 2367 745 2410 lh.
765 2387 795 2402 -
814 2367 973 2427 quodcunque
992 2372 1020 2419 F.
1060 2370 1101 2419 15.
1114 2393 1146 2410 .-

25 2435 72 2481 hoc
86 2451 145 2495 pop.
164 2439 202 2482 M.
241 2435 282 2482 11.
303 2461 335 2470 -
354 2434 631 2485 sardonice..TVEAM.
671 2432 713 2481 11.
733 2437 821 2495 lagena
841 2437 928 2482 hahent
946 2453 1030 2484 ornnes
1049 2442 1106 2485 mei.

95 2613 222 2677 SthRh4
243 2614 263 2658 l.
282 2620 285 2623 “
306 2611 331 2657 l.
351 2612 508 2673 Polydamas
526 2627 548 2656 r.
605 2610 628 2656 6.
649 2611 783 2662 exdtuenae
804 2627 826 2656 r.
882 2610 906 2657 8.
926 2613 1017 2659 Rornae
1035 2624 1074 2662 eat
1093 2620 1149 2677 quis

26 2682 93 2737 uon?
111 2697 137 2738 p.
156 2683 193 2726 lh.
214 2688 240 2726 at
256 2683 281 2726 si
299 2684 343 2736 pP.
390 2680 430 2727 10.
450 2688 474 2724 et
491 2695 549 2729 nuc.
569 2681 612 2726 rP.
651 2678 695 2732 12.
715 2683 818 2737 splene5
837 2679 959 2728 cachinno
978 2687 1007 2728 P.
1049 2678 1148 2731 1111-

26 2752 114 2796 clusas
131 2765 248 2796 nurneroa
266 2752 309 2795 ille
326 2765 351 2815 p.
372 2770 405 2784 -
417 2751 512 2794 inclraai
530 2763 647 2799 numeros
669 2751 709 2795 illi
729 2751 836 2796 Gronov.
857 2751 887 2795 P.
910 2750 951 2801 16.
970 2753 1146 2814 sardonyche,

24 2821 99 2865 albae
115 2834 140 2864 r.
194 2819 236 2866 17.
256 2822 326 2880 leger
344 2819 409 2867 Pith.
431 2819 536 2864 Casauh.
555 2834 577 2863 r.

97 2979 122 3026 1.
142 2979 291 3042 Labeonem]
314 2981 395 3026 Labeo
408 2982 530 3029 transtulit
542 2983 617 3030 Iliada
631 2988 655 3027 et
671 2982 804 3037 Odysseam
819 2984 918 3028 verbum
931 2997 960 3028 ex
980 2986 1069 3031 verbo:
1090 2988 1149 3031 ridi-

21 3052 77 3094 cule
99 3053 174 3105 satis,
195 3053 256 3113 quod
275 3051 348 3096 verba
366 3051 530 3108 potiusquam
550 3065 647 3096 sensum
665 3058 761 3096 secutus
780 3053 820 3100 sit.
858 3053 916 3099 Eius
936 3059 972 3099 est
987 3055 1028 3098 ille
1047 3069 1149 3100 versus:

23 3115 135 3163 Crudum
160 3120 297 3164 inanducat
325 3119 452 3163 Priamum
478 3120 623 3178 Priamique
648 3120 776 3177 pisiuuos.
832 3117 856 3165 5.
884 3127 908 3165 et
933 3118 957 3165 6.
977 3120 1094 3166 Examen
1112 3129 1150 3168 est

23 3190 107 3246 lingua
124 3188 251 3248 (lingulati
270 3187 328 3242 Oa.)
347 3189 503 3246 vellignum,
523 3185 586 3246 qnod
602 3190 705 3233 mediam
723 3190 815 3232 hastam
833 3190 860 3232 ad
875 3191 980 3243 pondera
999 3193 1151 3248 adaequanda

22 3262 98 3302 tenet.
145 3255 279 3317 Castigare
296 3261 375 3303 autem
392 3259 429 3303 'est
449 3258 523 3315 digito
542 3258 630 3301 libram
658 3262 800 3320 percutere,
826 3263 851 3301 ut
874 3262 1019 3312 ternperelur
1044 3265 1067 3304 et
1088 3276 1149 3318 prae

22 3326 156 3384 agitatione
179 3331 235 3381 post
261 3339 361 3383 aequum
384 3328 546 3382 conquiescat.
596 3326 705 3370 Trutina
724 3339 781 3369 vero
801 3332 837 3370 est
854 3326 982 3383 foramen,
1002 3330 1064 3372 intra
1087 3330 1149 3387 quod
1222 3354 1225 3363 ι

22 3401 62 3439 est
79 3396 185 3453 lingula,
205 3397 234 3440 de
253 3409 298 3451 qua
316 3395 460 3439 examinatio
479 3401 524 3440 est.
581 3393 606 3440 9.
626 3394 747 3439 Nostrum
765 3395 835 3440 istud
858 3396 937 3440 uivere
955 3397 1039 3456 triete]
1058 3400 1149 3457 Figura

23 3464 120 3508 Graeca
145 3470 196 3519 est,
225 3478 274 3525 pro
299 3468 425 3516 „nostram
444 3465 517 3508 vitam
547 3465 667 3510 tristem.’'
722 3462 762 3508 11.
790 3464 868 3524 (ierom
898 3465 1011 3523 sapimus
1027 3467 1146 3526 patruos]

21 3534 64 3577 Sic
88 3533 192 3578 Cicero:
225 3533 283 3591 (pro
308 3529 375 3583 Cael,
401 3547 423 3581 e.
447 3531 502 3588 11.)
531 3532 681 3593 obiurgavit
701 3529 829 3588 Caelium,
861 3539 887 3576 ut
905 3533 1005 3591 quidam
1020 3543 1148 3591 patruus,

21 3615 127 3650 censor.
161 3620 165 3621 ⁷
193 3600 235 3645 tt.
267 3598 404 3659 Cachinna]
437 3616 523 3646 nornen
549 3608 586 3646 est
615 3606 639 3646 et
662 3603 795 3646 declinatur
816 3616 859 3656 per
883 3615 965 3646 omues
991 3617 1078 3650 casus:
1111 3607 1150 3650 hic*

21 3671 159 3725 cachinno,
180 3672 250 3714 huius
267 3670 429 3714 cachiuuonis.
478 3671 613 3715 cachinnus
635 3676 672 3715 est
690 3685 742 3714 curn
756 3664 822 3715 ¹roeo
841 3672 905 3714 risus
931 3673 1061 3737 lascivior,
1081 3689 1151 3732 quern

19 3739 111 3784 Graeci
131 3735 364 3807 „aoaoyiitona”
389 3741 435 3796 (sie
454 3738 525 3784 Reiz:
546 3763 573 3774 -
594 3739 816 3808 μονογέροντας
838 3737 918 3796 Ρ1111,)
937 3734 1027 3786 dicunt.
1064 3744 1096 3787 Et
1111 3759 1151 3788 se·

19 3811 127 3852 cundum
155 3810 269 3864 physicos
297 3809 377 3861 dixit,
409 3809 448 3865 qui
476 3811 572 3852 tradunt
599 3808 707 3854 homines
740 3812 822 3863 splene
850 3811 946 3864 ridere,
978 3811 1034 3856 felle
1058 3814 1150 3866 irasci,

18 3879 104 3922 iecore
133 3892 233 3932 amare,
264 3879 336 3920 corde
360 3891 461 3932 sapere,
488 3879 598 3932 pulmone
628 3878 721 3920 iactari.
788 3874 828 3920 11.
855 3877 960 3922 Animae
983 3879 1152 3939 praelargus]

17 3947 142 4000 „Animae
167 3947 330 4005 praelargus''
358 3947 415 3990 dicit
440 3951 510 4001 rento
542 3946 673 3992 abundans.
729 3943 768 3990 16.
790 3947 940 4004 Arnhiguitas
968 3951 991 3991 in
1012 3951 1153 3993 natalitia:

17 4020 103 4058 utrum
132 4029 186 4058 eam
215 4016 287 4059 natali
315 4024 359 4058 sno
390 4017 483 4059 annueri
510 4015 647 4069 acceperit,
685 4027 715 4057 an
734 4019 824 4059 tautum
844 4030 873 4060 eo
896 4019 932 4060 die
950 4030 1036 4074 gerere
1059 4020 1150 4061 soleat:

16 4086 76 4140 quia
102 4086 198 4142 quidam
220 4083 308 4128 habent
328 4086 429 4138 annulos,
461 4096 520 4141 quos
545 4084 584 4126 die
605 4087 696 4126 tautum
721 4076 908 4142 natah'gernut.
956 4084 987 4127 Et
1005 4085 1093 4138 allatas,
1114 4091 1155 4127 ant

16 4153 107 4197 festiva
126 4158 194 4198 reste
215 4155 329 4208 indutus,
358 4158 399 4197 aut
421 4153 537 4200 recitandi
566 4164 654 4206 patore
678 4166 705 4195 ac
726 4154 855 4198 meditandi
881 4158 904 4197 et
933 4152 1052 4196 scribendi
1075 4155 1153 4196 taedio

16 4223 178 4279 perfunctns3
198 4224 236 4267 vel
260 4227 328 4267 veste
351 4219 470 4278 candida,¹
489 4223 752 4276 noudumpurpnremn
773 4221 1069 4275 adeptusvcstimeutum,
1093 4221 1156 4276 qarod

17 4292 170 4337 laticlauium
188 4293 284 4336 (licitur.

67 4373 161 4428 Eeiogae
175 4375 233 4419 Po'e't.
248 4374 292 4417 Lat·
870 4365 910 4424 13
