2762 4762
46 299 200 360 Eventus
223 294 385 358 Labienus
408 307 490 359 erat.
534 298 642 369 „Fors
665 296 801 374 obtulit,
825 297 947 383 iuquit,

41 401 97 462 Et
118 399 250 460 fortuna
273 397 344 459 viae
366 409 428 459 tam
452 399 557 481 magui
580 398 717 469 numinis
738 421 796 462 ora

45 498 299 580 Consiliumque
321 498 391 560 dei:
428 510 516 563 tauto
541 502 619 561 duce
642 521 809 580 possumus
831 502 878 563 uti

47 602 121 663 Per
145 601 258 677 Syrtes
282 599 419 680 bellique
441 611 530 662 ratos
553 621 751 683 cognoscere
774 621 878 663 easru.

45 703 133 763 Nam
158 700 210 762 cui
232 699 422 763 crediderim
446 702 590 781 Superos
614 722 728 763 arcana
751 703 883 764 daturos

45 803 270 883 Dicturosque
293 801 393 884 magis
415 823 509 885 quam
531 813 642 867 sancto
669 824 745 866 vera
769 801 911 867 Catoni?

46 903 152 968 Certe
179 903 242 965 vita
265 903 322 965 tibi
345 924 471 984 semper
492 903 613 966 directa
637 925 791 985 supernas

53 1008 109 1068 Ad
134 1006 222 1088 leges
245 1004 452 1088 sequerisque
470 1007 579 1089 deum.
627 1006 733 1069 Datur
755 1028 829 1069 ecce
852 1004 1004 1090 loquendi

49 1108 136 1170 Cum
159 1108 242 1170 Iove
264 1106 411 1168 libertas:
434 1105 558 1190 inquire
580 1106 612 1168 iu
632 1107 697 1171 lata
720 1108 847 1172 nefandi

50 1208 204 1272 Caesaris
228 1218 259 1270 et
280 1206 403 1287 patriae
428 1218 585 1272 venturos
607 1222 723 1273 exerite
746 1232 870 1275 mores:

50 1312 131 1374 Iure
153 1330 214 1371 suo
236 1307 366 1390 populis
388 1308 433 1371 uti
456 1309 629 1393 legumque
651 1310 777 1388 licebit,

50 1415 107 1476 An
129 1412 247 1475 bellum
270 1410 365 1474 civile
386 1410 483 1493 perit.
513 1414 601 1475 'Tria
623 1424 756 1493 pectora
778 1434 868 1477 sacra
935 1436 938 1443 ’

51 1515 151 1576 Voce
174 1515 282 1594 reple:
307 1516 404 1576 durae
426 1514 538 1576 saltem
562 1514 688 1578 virtutis
711 1527 836 1582 arisator

53 1617 185 1694 Quaere
207 1614 283 1697 quid
306 1626 353 1678 cst
375 1615 478 1678 virtus
501 1626 533 1677 ct
554 1637 652 1697 posce
675 1619 840 1699 exemplar
861 1614 1022 1681 honesti.''

96 1716 157 1779 llle
180 1718 241 1777 deo
264 1717 395 1797 plenus,
420 1716 513 1779 tacita
536 1739 629 1801 quem
653 1730 756 1781 mente
780 1723 934 1803 gerebat,

50 1817 181 1881 Effudit
203 1816 315 1900 dignas
337 1816 439 1897 adytis
461 1841 478 1882 e
500 1831 634 1900 pectore
657 1841 769 1883 voees.
837 1853 840 1859 ν

50 1920 166 1998 „Quid
188 1920 316 2002 quaeri,
340 1916 501 1996 Labiene,
524 1920 639 1983 iubes?
668 1944 707 1983 an
730 1922 810 1984 liber
831 1921 862 1983 in
885 1922 981 1985 armis
1055 1973 1056 1977 ,

54 2021 256 2088 Occubuisse
280 2021 374 2086 velim
397 2023 619 2104 potiusquam
643 2043 743 2105 regna
767 2022 900 2087 videre?

53 2128 108 2190 Au
130 2125 172 2187 sit
195 2124 258 2189 vita
282 2123 378 2198 nihil,
403 2126 458 2186 sed
480 2125 608 2207 longam
631 2124 759 2187 differat
780 2123 890 2187 aetas?

53 2230 108 2291 Au
132 2236 247 2290 noceat
268 2227 315 2287 vis
338 2225 399 2287 ulla
422 2225 534 2289 bono?
556 2227 764 2310 Fortunaque
785 2228 899 2308 perdat

54 2329 216 2410 Opposita
240 2327 358 2391 virtute
381 2326 504 2390 urinas?
534 2327 750 2411 laudandaque
774 2322 855 2391 velle

54 2431 105 2493 sit
127 2428 203 2492 satis
226 2439 258 2492 ct
280 2443 440 2512 nunquam
462 2450 613 2491 successu
635 2440 759 2492 creseat
781 2428 976 2492 honestum?

54 2532 180 2595 Scimus
202 2544 232 2595 et
254 2533 318 2594 hec
341 2530 433 2593 nobis
453 2551 519 2593 non
541 2530 635 2593 altius
658 2530 767 2593 inserit
789 2531 942 2595 Ammon.
990 2550 994 2557 ⁴

54 2637 234 2696 Haeremus
256 2633 362 2695 cuncti
385 2632 535 2713 Superis,
558 2632 741 2714 temploque
763 2643 888 2695 tacente
950 2657 954 2663 ’

54 2736 110 2797 Nil
134 2733 267 2797 lecimus
289 2755 353 2796 non
375 2747 490 2815 sponte
512 2733 582 2796 dei:
617 2755 676 2795 nec
698 2732 832 2796 vocibus
854 2732 926 2794 ullis
1030 2758 1033 2762 “

55 2838 184 2900 Numen
205 2846 301 2920 egeta
332 2836 474 2919 dixitque
495 2836 592 2898 semel
614 2833 812 2896 nascentibus
835 2842 967 2917 erector,

56 2937 220 3020 Quicquid
241 2937 323 3000 scire
346 2935 442 2999 licet:
465 2936 592 2999 steriles
615 2957 672 2997 nec
695 2935 775 3018 legit
797 2954 928 3008 arenas,
984 2934 986 2940 ⁴

54 3042 103 3104 Ut
125 3049 254 3101 caueret
274 3021 400 3118 paucis,
426 3038 597 3125 mersitque
615 3033 682 3100 'hoe
704 3037 836 3117 pulvere
859 3055 984 3098 verum.

54 3144 159 3205 Estne
182 3139 233 3201 dci
253 3142 343 3203 sedes
366 3138 425 3201 nisi
447 3150 532 3202 terra
555 3150 586 3201 et
608 3151 725 3219 pontus
747 3148 780 3200 et
802 3137 858 3198 ae‘r

55 3246 102 3307 Et
124 3242 246 3304 caelum
269 3253 300 3304 et
322 3239 448 3303 virtus?
470 3243 616 3321 Superos
639 3238 714 3320 quid
737 3237 916 3320 quaerimus
939 3236 1046 3298 ultra?

54 3344 207 3426 Iuppiter
228 3355 277 3405 est
299 3345 512 3426 quodeunque
535 3340 644 3415 vides,
669 3360 861 3424 quecunque
885 3336 1038 3401 tuereris.
1112 3337 1175 3400 580

57 3444 230 3530 Sortilegis
253 3455 368 3528 egeant
390 3444 476 3507 dubii
498 3446 687 3525 semperque
710 3442 828 3503 suturis

58 3548 197 3615 Casibus
220 3546 392 3628 ancipitesr
422 3567 472 3608 me
494 3567 559 3609 non
582 3545 712 3607 oracula
736 3556 878 3617 eertum,

58 3655 123 3714 Sed
146 3671 233 3714 mors
255 3661 341 3712 certa
365 3647 462 3711 lacit:
486 3634 610 3729 pavido
626 3645 769 3727 sortique
792 3643 965 3703 cadendum
989 3651 1048 3703 est.

58 3756 135 3816 Hoc
157 3752 234 3815 satis
258 3737 305 3815 est
327 3732 444 3813 diuisae
467 3747 615 3813 Iovem.''
660 3746 715 3807 Sic
736 3745 789 3806 ille
816 3743 965 3824 profatur
1057 3780 1060 3785 <

60 3835 259 3939 Scriataque
282 3853 344 3915 lide
366 3851 476 3931 templi
498 3847 629 3912 discedit
651 3849 691 3917 ab
714 3847 812 3925 aris,
838 3880 841 3885 ,
1115 3844 1176 3905 535

60 3958 135 4020 Non
153 3936 360 4034 'exploratum
382 3952 512 4034 populis
535 3951 694 4013 Auuuoua
715 3948 915 4030 relinquens.⁴

130 4113 191 4162 568.
211 4134 235 4153 ε·
256 4084 335 4172 nihil,
356 4122 379 4160 et
396 4115 492 4175 leuge?
519 4128 552 4158 nu
570 4112 596 4161 d.
617 4111 687 4157 detor
705 4113 789 4157 Corte.
