2772 4750
217 180 281 243 12⁰

167 321 171 329 ⁹
216 334 289 399 Nec
309 331 338 395 si
360 352 410 392 me
430 326 555 392 infestis
576 325 760 405 discerpent
781 321 886 386 sidera
908 321 1020 398 dictis,
1044 320 1047 325 ’

282 430 423 497 Condita
444 427 521 512 quin
541 425 611 489 veri
632 421 777 506 pectoris
796 424 990 501 evoluamz)

217 535 295 598 Non
317 532 366 594 his
388 542 451 591 tam
471 530 576 590 laetor
596 528 708 597 rebus,
731 544 826 606 quam
846 544 896 584 me
916 523 1033 585 abfore
1054 544 1200 610 semper,
1298 527 1333 587 75

278 633 408 695 Abiore
429 650 477 690 me
500 649 517 689 a
540 625 688 699 dominae
708 622 830 685 vertice
851 622 1053 685 discrucior:

218 735 357 816 Quicum
377 751 459 812 ego,
483 731 556 789 duni
579 725 675 806 virgo
698 726 859 807 quondam
878 722 941 783 fuit
959 722 1107 786 omnibus
1131 745 1269 806 expers,

282 830 445 914 Unguenti
465 827 492 889 si
513 846 574 888 nna
595 824 682 886 milia‘
703 824 800 884 mults
821 822 910 898 bibi,

163 996 171 1009 ,
217 934 314 998 Nunc
336 952 413 1004 vos,
436 937 549 1008 optato
573 945 651 1008 quas
670 922 773 984 iunxit
797 923 916 984 lumine
938 925 1049 997 taeda,

283 1035 359 1096 Non
379 1039 453 1109 post
474 1023 629 1087 unanimis
653 1043 795 1101 corpora
815 1022 1007 1103 coniugibus

220 1132 356 1196 Tradite
376 1131 530 1190 nudantes
550 1122 669 1185 reiecta
692 1133 780 1183 veste
800 1122 955 1201 papillas,
1030 1130 1041 1136 “

283 1225 369 1308 Quin
390 1224 527 1287 iucunda
549 1220 627 1282 mihi
648 1241 778 1282 munera
798 1221 878 1283 libet
899 1242 1007 1302 onyx,

274 1451 316 1499 73.
335 1464 381 1496 nee
398 1449 484 1496 Vstets.
506 1448 555 1492 Fen
576 1448 606 1491 sd
625 1447 708 1491 Horat.
729 1447 800 1492 Tem.
815 1447 840 1495 2.
854 1444 981 1505 rasam·
996 1461 1009 1490 e
1025 1446 1101 1491 Codd.
1124 1470 1156 1480 -
1176 1462 1231 1492 reon
1241 1450 1337 1507 reliqui.

127 1548 131 1553 ι
221 1518 258 1569 tb.
276 1521 376 1565 dextris
392 1520 472 1562 Bentt.
494 1518 556 1560 coui.
579 1516 664 1561 vater.
692 1514 787 1567 „dictis
814 1516 918 1571 aliquem
944 1516 1037 1558 infestis
1060 1521 1162 1571 petere,
1195 1518 1340 1573 corripere,

129 1618 136 1629 ,
221 1589 335 1633 mordere
354 1589 400 1632 diei
418 1587 541 1630 commode
561 1586 653 1638 potuit3
680 1584 761 1626 nescio
779 1598 809 1626 nri
828 1587 899 1627 etism
916 1582 1088 1639 discerpere?
1109 1586 1197 1628 Valet.
1229 1585 1287 1628 Noli
1305 1588 1340 1628 ds·

220 1660 318 1702 bitere:
351 1657 448 1699 Sallust.
466 1655 516 1709 lug.
538 1650 580 1697 85.
606 1665 680 1708 quum
702 1664 740 1692 me
764 1665 852 1708 eosque
869 1651 1012 1694 maledictis
1029 1653 1159 1705 lacerem
1190 1657 1217 1696 et
1234 1654 1341 1696 conricio

217 1723 399 1783 proscindere,
419 1722 457 1764 rel
473 1721 613 1774 simpliciter
629 1717 793 1773 proscindere
812 1721 856 1761 hoc
876 1720 959 1762 eodem
979 1717 1113 1776 significatu
1132 1721 1281 1763 lrslstitiuin
1299 1726 1338 1763 est.

221 1815 255 1826 ·-
274 1794 417 1846 discerpent
435 1790 487 1832 dedi
506 1802 559 1830 cuin
577 1787 674 1828 Lectius.
697 1800 742 1839 pro
760 1787 938 1842 discerpunt..
973 1785 1013 1830 71.
1033 1789 1087 1829 reri
1105 1803 1118 1831 e
1141 1789 1222 1831 Godd.
1244 1790 1341 1842 praetuli

221 1875 275 1906 euin
293 1861 378 1903 Valet.
399 1862 423 1901 et
441 1857 556 1898 Fosc.—-
575 1854 627 1897 reri
641 1855 754 1909 pectoris
773 1860 810 1899 est
828 1855 943 1908 simplicis
960 1860 1030 1909 etque
1049 1857 1136 1907 aperti.
1157 1861 1204 1907 „ut
1224 1870 1254 1898 ex
1275 1857 1341 1899 animi

222 1930 339 1972 sententie
358 1925 483 1980 eloquar.”
501 1945 535 1956 -
553 1923 620 1964 uersi
639 1924 737 1972 eodem,
758 1924 845 1975 credo,
866 1920 998 1978 significatu
1012 1922 1110 1965 Lachiu.
1143 1925 1196 1966 Cur
1209 1925 1342 1967 nuteinhoe

223 2000 275 2040 loco
295 1996 341 2038 ists
359 1994 436 2035 forins
453 1992 600 2041 retinentur,
621 2003 668 2031 non
686 1990 765 2032 video.
785 2012 818 2022 -
836 2003 891 2032 rere
906 1990 1003 2042 Celeri,
1018 1991 1089 2033 etism
1102 1991 1151 2033 Fen
1166 1993 1183 2033 l.
1201 1992 1218 2033 Ι.
1235 1994 1341 2049 etSitlig.

222 2062 264 2108 11.
284 2059 450 2106 dumtirmeut
462 2059 537 2101 Codd.
551 2057 667 2112 plerique.
688 2079 721 2088 -
740 2071 814 2113 quum
830 2059 893 2100 Scal.
914 2059 988 2100 Voss.
1002 2060 1074 2111 Vulp.
1094 2058 1259 2114 Reliquorum
1278 2062 1342 2103 tectio

221 2130 383 2175 incertissima
400 2132 446 2171 est.
484 2126 520 2167 lb.
539 2125 615 2167 Codd.
636 2123 750 2167 omnibus
767 2137 860 2179 expers
883 2123 1022 2182 tinguentes
1040 2139 1090 2168 unu
1110 2127 1189 2180 (uisus
1209 2128 1268 2169 nati
1285 2128 1340 2173 Cod.

221 2200 284 2249 uini)
302 2196 383 2240 millio
402 2195 479 2236 multu
498 2191 557 2238 bibi.
590 2192 640 2234 Pro
657 2204 722 2244 unu,
751 2194 850 2234 crocini
869 2193 951 2235 Heius.
972 2206 1074 2234 murrue
1089 2207 1110 2236 s.
1123 2192 1253 2251 myrrhoe
1273 2198 1341 2238 Voss.

223 2281 294 2323 quein
313 2265 396 2307 deinde
415 2262 585 2329 oiuuesxsecuti
598 2264 670 2311 sont,
690 2260 761 2301 eliam
774 2261 859 2302 vaiet.
875 2261 947 2303 Fosc.
973 2260 1098 2314 Explicuut
1111 2267 1208 2306 aulem:
1231 2262 1342 2306 Omnium

222 2337 397 2390 unguentorum
422 2330 503 2372 mullis
526 2342 555 2371 er
578 2328 655 2370 succis
681 2327 870 2380 compositorum
891 2341 992 2381 expers,
1022 2330 1123 2382 simplici
1142 2333 1244 2383 myrrho
1265 2331 1342 2387 inungi

222 2402 340 2445 solebam.
360 2398 434 2451 (Plio.
449 2397 479 2439 ll.
494 2394 525 2439 tl.
541 2392 588 2447 1³,
604 2395 627 2438 1.
647 2391 758 2452 Myrrha
777 2401 800 2437 el
815 2409 862 2450 per
876 2409 903 2438 se
916 2401 1067 2453 unguentum
1079 2393 1158 2451 fucit,
1179 2404 1266 2441 stricte
1278 2398 1343 2441 dum·

162 2492 165 2497 ·
223 2469 320 2518 texat.)
338 2467 389 2508 lion
407 2478 478 2520 quum
496 2465 635 2518 quibusdem
661 2465 747 2505 mirum
773 2464 903 2514 rideretur,
923 2466 1014 2521 regiain
1033 2467 1165 2521 virginem,
1196 2469 1342 2521 eandemque

223 2550 253 2580 ex
270 2536 465 2579 Ptolemaeorum
484 2535 558 2584 stirpe
578 2534 733 2589 prognatum,
753 2545 799 2573 une
816 2533 912 2577 resvrrhe
930 2537 1080 2583 contentam,
1101 2534 1290 2578 delicatioribus
1305 2549 1342 2576 nn-

222 2603 317 2661 guentis
335 2600 493 2651 abstinuisse,
514 2612 543 2641 co
557 2599 688 2649 dereuere,
710 2603 734 2639 ut
755 2600 829 2641 tribus
848 2601 871 2645 iu
891 2600 965 2651 locis,
986 2593 1038 2650 hic,
1060 2602 1144 2643 Horat.
1157 2601 1247 2654 San2,
1264 2599 1342 2652 s,15.
1371 2620 1372 2667 ρ

222 2672 294 2715 Pers.
311 2667 339 2720 6,
361 2665 402 2712 39.
426 2668 473 2712 ndi.
494 2679 588 2721 expers
615 2667 736 2708 contrario
761 2680 831 2709 seusu
857 2680 900 2720 pro
921 2668 1048 2723 purlicipe
1068 2670 1179 2721 usurpari
1199 2675 1343 2714 statuerent.
1371 2674 1372 2719 Τ

223 2753 246 2783 r.
267 2753 289 2780 c.
308 2737 385 2783 Illonli
404 2737 433 2777 nd
453 2735 531 2778 Persii
553 2736 569 2780 Ι.
589 2735 606 2777 t.
627 2756 659 2765 —·
678 2747 789 2789 expersus
809 2735 892 2777 Heius.
912 2757 945 2767 -
964 2735 1069 2789 explens
1090 2738 1166 2779 Doer.
1187 2760 1223 2770 ·-
1242 2739 1345 2793 expletis
1371 2726 1372 2731 ¹

222 2807 323 2857 Perrei,
344 2804 448 2853 Colotti,
470 2802 584 2844 Minturni
599 2807 725 2855 excerpta,
745 2804 768 2844 id
787 2807 832 2855 est,
852 2807 1005 2846 correctores
1023 2804 1092 2856 itali,
1113 2818 1173 2859 quos
1192 2811 1294 2849 ueritus
1311 2810 1344 2847 est

222 2875 308 2919 Vslcli.
344 2873 390 2914 Sed
416 2871 459 2912 hec
483 2872 504 2911 in
526 2869 601 2926 elegia
620 2882 689 2911 uiuus
708 2870 806 2912 offendit
824 2883 906 2913 versus
926 2871 1076 2923 hyperineter
1094 2873 1254 2919 durissimus.
1293 2874 1344 2915 Alis

224 2943 288 2986 enim
307 2945 342 2984 est
361 2940 423 2981 ratio
443 2950 544 2988 eorum,
574 2937 612 2991 qui
636 2937 659 2978 in
684 2950 729 2992 que
752 2943 852 2981 exeunt.
885 2939 967 2991 Epith.
982 2939 1035 2983 Pel.
1049 2937 1110 2984 299.
1130 2940 1216 2983 carin.
1233 2939 1300 2993 115,
1319 2938 1342 2984 5.

223 3010 328 3066 Elegsus
356 3008 454 3062 denique
483 3009 533 3057 est,
562 3006 603 3045 sed
631 3006 694 3046 omui
722 3005 892 3058 probabilitate
921 3007 1032 3048 destituta
1056 3007 1139 3050 aaran
1165 3010 1293 3060 suspicio:
1315 3029 1341 3039 -

223 3078 316 3122 ominis
334 3087 428 3133 expers
448 3071 572 3130 Unguenti
589 3070 695 3129 Assyrii
711 3073 793 3114 mittin
811 3075 889 3115 multu
908 3073 966 3116 bibi.
996 3073 1087 3116 Novem
1108 3077 1255 3121 ernendaudi
1272 3077 1344 3118 rstic-

222 3160 278 3191 nem
296 3144 415 3202 suggessit
432 3131 490 3183 mihi
508 3143 643 3183 Athenaeus
658 3137 687 3182 15
697 3169 703 3191 ,
727 3139 767 3182 12.
781 3154 804 3194 p.
823 3138 882 3184 689.
899 3142 1032 3197 Schweigh.
1053 3135 1173 3204 ἤκμασε
1191 3141 1223 3190 δὲ
1241 3138 1344 3190 καὶτὰ

222 3210 255 3261 ἐν
270 3202 463 3277 Ἀλεξανδρείᾳ
481 3203 591 3273 (μύρα)
607 3201 655 3254 διὰ
673 3204 802 3254 πλοῦτον
830 3208 881 3263 καὶ.
898 3205 945 3256 διὰ
972 3207 1027 3270 τὴν
1049 3204 1201 3276 Ἀρσινόης
1219 3212 1273 3258 καὶ
1293 3211 1345 3259 Be-

224 3279 341 3346 ρενίκης
359 3274 500 3337 σπουδήν.
535 3270 667 3336 Ἐγίνετο
685 3272 715 3321 δὲ
736 3275 787 3322 καὶ
803 3273 834 3323 ἐν
846 3273 966 3344 Κυρήνῃ
985 3271 1106 3346 ῥόδινον
1125 3276 1344 3344 χρηστότατον,

222 3343 289 3393 καθ’
307 3339 343 3391 ὃν
363 3342 474 3410 χρόνον
495 3335 546 3404 ἔζη
569 3341 708 3409 Βερενίκη
730 3337 749 3404 ἡ
774 3340 903 3406 μεγάλη,
931 3348 968 3388 iet
990 3348 1069 3399 polius
1089 3338 1108 3407 ἡ
1126 3344 1238 3409 Μάγα,
1269 3358 1342 3403 quae,

222 3418 341 3467 utcunque
373 3414 454 3468 legunt
476 3410 575 3461 Critici,
601 3417 683 3452 nostra
709 3416 754 3454 est.
808 3409 910 3455 rhodini
937 3426 1010 3471 crgo,
1040 3419 1147 3457 nostram
1178 3417 1345 3460 coniecturam

223 3482 358 3524 Vossianus
378 3479 559 3530 substituimus,
577 3483 605 3529 ‚ut
623 3492 690 3521 coma
709 3480 753 3522 hoc
772 3480 850 3523 dicat:
871 3482 981 3525 omuibus
1000 3482 1054 3524 eliis
1074 3485 1203 3538 unguentis
1224 3485 1344 3534 posthabi-

222 3552 269 3603 tis,
300 3562 346 3592 uuo
369 3548 472 3590 rhodino
496 3560 517 3590 s.
537 3559 638 3588 rosaceo
664 3547 823 3599 perfundebar
842 3548 958 3602 Cyrenis,
991 3551 1045 3590 dum
1065 3553 1131 3606 virgo
1151 3552 1198 3594 fuit
1216 3552 1342 3595 Berenice.

221 3618 338 3660 -Haec
362 3617 506 3669 scripseram
533 3614 555 3657 iu
574 3613 619 3656 Ed.
644 3627 681 3667 pr.
703 3616 781 3670 itaque
795 3618 930 3660 edideram:
963 3616 1067 3675 (luteum,
1091 3631 1153 3675 ego,
1188 3618 1250 3661 dum
1276 3620 1345 3676 virgo

223 3684 348 3744 quondum
357 3680 427 3740 suit,
447 3682 562 3725 erunibus
582 3694 676 3736 expers
703 3681 859 3740 Unguenlis,
885 3682 987 3726 rhodini
1005 3685 1077 3727 milia
1096 3688 1175 3728 ruiiltu
1194 3687 1257 3730 bibi.
1281 3688 1344 3730 Nunc

222 3754 311 3797 metior
328 3752 453 3794 ridebatur
472 3751 615 3793 Lachmanui
635 3756 658 3793 et
674 3751 717 3792 Er.
737 3752 815 3804 rstio,
835 3765 905 3807 quain
925 3754 1029 3795 exhibui.
1058 3754 1107 3794 lam
1121 3756 1141 3796 si
1155 3756 1281 3811 iungimus
1294 3769 1344 3798 cusu

223 3823 280 3867 Sill.
292 3824 316 3863 et
327 3819 426 3863 Lachm.
445 3817 504 3860 dum
523 3819 595 3875 uirgo
613 3818 735 3875 quondum
748 3816 804 3876 suit
822 3820 935 3863 crinibus
954 3832 1049 3877 expers
1068 3822 1165 3866 minime
1184 3826 1344 3876 supplendum

223 3895 271 3934 crit
285 3891 376 3940 inuiis,
404 3888 602 3944 quemadmodum
620 3887 671 3930 scre
690 3888 739 3930 vult
757 3888 826 3939 sut,
853 3894 884 3930 ila
904 3889 1089 3942 interpretatus:
1110 3891 1266 3942 „Berenicen
1287 3897 1348 3934 tran·

222 3960 298 4015 quille
316 3957 402 4008 vitam,
423 3958 487 4003 nulla
500 3969 526 3998 re
540 3957 658 3997 turbatam
672 3957 785 4011 egisse”:
807 3959 847 4000 sed
861 3961 907 4000 erit
921 3957 1106 4000 erunibusriris
1120 3972 1232 4013 expers,
1254 3953 1349 4006 ἀταύ-

242 4038 325 4085 ωτος.
353 4026 441 4082 (Sillig
456 4024 545 4067 edidit:
567 4020 753 4080 Unguenlorum
772 4037 821 4066 unu
843 4025 915 4066 milia
927 4026 1007 4068 multu
1020 4025 1085 4076 bibi,
1106 4027 1224 4079 probante
1238 4028 1349 4070 Censore

224 4040 341 4148 ienensi.)
379 4090 420 4137 7⁹.
440 4087 515 4148 quus]
538 4089 625 4131 Valcli.
646 4089 717 4132 Fosc.
741 4090 793 4133 Sill.
817 4092 918 4135 eCodd.
943 4098 966 4135 et
982 4093 1042 4136 Edd.
1057 4099 1115 4136 vett.
1135 4117 1169 4145 .-
1188 4109 1254 4151 quus
1273 4096 1349 4151 Rheg.

223 4158 369 4221 (11011)-
390 4173 462 4218 quem
479 4158 538 4213 (Ed.
553 4157 603 4209 pr.)
632 4176 661 4186 -
687 4169 761 4212 quum
779 4156 905 4213 (Corrsd.)
932 4182 961 4192 -
980 4158 1068 4214 Nuus,
1088 4164 1348 4221 eosoptutoqunmi.
