2750 4744
1096 185 1159 277 atu

30 343 214 424 „Quidnam
235 340 339 427 igitur
360 339 497 405 lacianr‘?
520 361 579 404 nec
600 361 699 414 nunc,
725 360 822 424 quom
845 360 992 405 arcessor
1014 352 1046 405 et
1073 343 1159 406 ultro

31 446 218 528 supplicat,
243 442 445 508 accedam?'’
470 478 509 492 -·
534 490 548 517 „
558 442 593 506 Si
615 454 701 506 totus
726 455 757 506 et
779 443 904 528 integer
926 442 1012 506 illinc

30 549 186 624 Exieras,
212 567 272 611 nec
286 544 409 609 nunc.''
422 577 463 588 -
479 544 562 623 Hic,
590 544 659 621 hic,
685 568 778 630 quem
798 544 996 629 quaerimus,
1021 546 1072 610 hic
1089 558 1156 610 est:

31 653 104 715 Non
126 650 163 712 in
185 632 324 725 festuca,
349 647 448 712 lictor
470 669 562 732 quam
586 648 682 710 iactat
703 647 841 730 ineptus.
1099 650 1158 713 175

29 753 84 816 lus
107 754 206 814 habet
227 751 280 814 illc
302 750 352 814 sui
374 752 493 833 palpo,
519 771 613 834 quem
637 749 722 813 ducit
743 750 879 814 hiantem

32 855 167 918 Cretata
190 852 348 918 ambitio?
369 852 484 936 Vigila
507 867 538 918 et
560 853 644 916 cicer
666 853 777 939 ingere
799 854 889 940 large

30 957 167 1021 Rixanti
191 956 336 1038 populo,
360 967 470 1018 nostra
494 966 529 1018 ut
550 956 696 1020 Floralia
719 955 843 1038 possint

29 1058 148 1140 Aprici
171 1057 351 1121 meminisse
373 1079 478 1121 senes.
525 1059 611 1139 Quid
632 1058 819 1140 pulchrius?
841 1090 883 1103 —
907 1062 951 1124 At
975 1082 1072 1144 quom

29 1161 177 1224 Herodis
202 1181 320 1224 venere
343 1159 408 1222 dies
432 1173 587 1243 unctaque
609 1161 753 1224 fenestra
1096 1163 1159 1226 180

29 1261 218 1345 Dispositae
240 1262 389 1346 pinguem
412 1263 558 1325 nebulam
582 1285 733 1328 vomuere
755 1264 904 1328 lucernae

29 1366 209 1429 Portantes
230 1365 334 1429 violas
356 1365 553 1448 rubrumque
576 1366 722 1448 amplexa
745 1367 883 1430 catinum
938 1408 947 1423 ·

31 1467 144 1531 Gauda
168 1479 255 1530 natat
277 1467 406 1548 thynni,
431 1478 530 1531 tumet
553 1467 624 1530 alba
646 1466 756 1530 fidelia
778 1471 881 1531 vino:

29 1572 143 1633 Labra
166 1592 279 1634 moves
302 1571 415 1633 tacitus
438 1569 637 1653 recutitaque
660 1571 790 1633 sabbata
813 1571 926 1653 palles.

31 1675 128 1735 'suno
151 1672 238 1756 nigri
260 1673 399 1735 lemures
423 1693 552 1757 ovoque
575 1672 716 1754 pericula
740 1685 859 1756 ruptos
1097 1679 1156 1743 185

31 1778 127 1837 Tunc
150 1777 289 1859 grandes
312 1773 398 1839 Galli
419 1785 451 1836 et
473 1796 544 1837 cum
566 1773 663 1839 sistro
686 1776 771 1838 lusca
795 1780 945 1842 sacerdos

30 1875 203 1940 Incussere
226 1879 303 1940 deos
326 1876 472 1938 inflantes
499 1897 659 1957 corpora,
683 1877 797 1941 sinon

30 1981 239 2043 Praedictum
261 1989 312 2041 ter
333 1999 423 2040 mane
446 1991 541 2060 caput
564 1980 744 2064 gustaveris
767 1979 832 2042 alli.
854 2010 897 2023 -

30 2080 166 2145 Dixeris
188 2084 268 2144 haec
289 2079 371 2144 inter
393 2080 559 2143 varicosos
583 2082 804 2157 centuriones,

31 2183 200 2248 Continuo
223 2205 365 2247 crassum
388 2185 469 2245 ridet
492 2183 663 2247 Vollenius
686 2184 798 2268 ingens
1097 2189 1159 2252 190

30 2287 74 2349 Et
97 2298 226 2349 centum
250 2287 393 2349 Graecos
416 2296 510 2348 curto
533 2298 680 2349 centusse
702 2286 826 2354 licetur.

103 2429 165 2476 172.
193 2442 227 2476 τ’.
252 2445 371 2476 accersor
399 2431 518 2476 Tltsnnd.
543 2451 577 2464 ·-
604 2446 725 2477 uccerser
743 2435 775 2478 V.
831 2431 888 2480 178.
909 2433 1050 2497 supplicet]
1070 2438 1100 2483 lt.
1120 2459 1159 2474 ·-

30 2502 159 2558 supplicet
189 2500 311 2547 TVESM.
357 2501 393 2544 lb.
419 2521 454 2533 -
481 2501 543 2545 illuc
567 2501 598 2546 ll.
649 2500 708 2548 171.
733 2501 860 2564 Exierns]
890 2504 972 2549 vum.
1001 2526 1036 2539 -
1059 2508 1158 2553 exieris

31 2571 127 2626 Tusa.
171 2570 209 2615 lb.
228 2590 263 2604 -
280 2584 346 2615 nunc
364 2583 430 2614 nune
449 2570 591 2615 Theseu.
636 2573 674 2616 lb.
695 2572 811 2633 -quod
830 2588 871 2632 pu.
890 2575 917 2619 8.
956 2572 1014 2621 175.
1034 2596 1069 2611 -
1086 2591 1158 2636 quens

29 2641 65 2683 Μ.
106 2636 169 2684 177.
189 2644 265 2682 -et
285 2640 365 2700 vigile
381 2641 468 2685 V.'-
486 2646 510 2683 et
528 2654 589 2683 secer
609 2641 665 2702 ing.
685 2643 716 2687 Τ.
747 2641 805 2689 179.
824 2657 897 2703 quom
914 2644 939 2688 h.
957 2646 974 2689 l.
994 2650 1025 2690 Α.
1053 2644 1159 2691 181.-

27 2708 157 2767 Disponit
184 2713 209 2752 et
230 2709 353 2769 pinguem
377 2710 408 2754 T.
436 2727 472 2741 ·-
494 2709 607 2769 pingues
630 2712 661 2755 Α.
711 2707 770 2757 182.
795 2732 830 2747 -
852 2712 957 2757 rubrum
979 2715 1113 2771 complexu
1130 2716 1156 2761 S.

31 2776 92 2823 183.
123 2802 155 2812 -
183 2777 255 2822 rubet
271 2779 301 2825 R.
319 2792 441 2833 snper-scr.
462 2783 547 2827 tumet.
567 2800 602 2813 -
619 2780 688 2824 timet
706 2781 737 2827 T.
784 2781 821 2826 lb.
840 2801 875 2815 -
893 2782 961 2825 ulma
981 2781 1010 2829 Ε.
1037 2781 1072 2840 (v.
1098 2781 1156 2830 184.

28 2854 85 2903 post
99 2861 129 2892 v.
151 2844 210 2893 185.
227 2847 273 2906 V.)
322 2846 381 2896 181.
401 2869 436 2881 -
453 2848 608 2907 recitataque
627 2852 657 2895 V.
704 2848 762 2896 185.
784 2850 849 2895 Tum
863 2850 942 2898 ΕΔΜ.
981 2851 1017 2895 lb.
1038 2872 1074 2886 -
1093 2851 1157 2897 Tum

28 2931 71 2978 gr.
100 2916 184 2961 ΕΔΜ.
239 2918 276 2962 lb.
296 2940 329 2951 -
347 2917 400 2961 Iam
418 2918 497 2977 gr.'l'.
559 2917 617 2977 188.
637 2942 671 2955 -
689 2920 735 2964 tibi
755 2935 828 2965 mune
845 2920 875 2965 T.
909 2940 935 2953 ··
959 2925 998 2963 est
1024 2935 1097 2966 inune
1124 2924 1157 2969 V.

29 2988 65 3032 lb.
86 2980 127 3020 -’-
144 2987 289 3047 gestoeeris
308 2988 388 3031 ellum
413 2989 444 3031 V.
496 2984 555 3033 189.
575 2979 610 3021 -2
626 2986 779 3035 hocTRVS.
833 2987 891 3035 190.
911 3010 946 3024 -
965 2985 1113 3046 Volseuniue
1129 2993 1155 3037 S.

27 3077 61 3090 -
81 3054 240 3115 Vulsennius
252 3057 282 3101 Α.
302 3078 338 3090 -
351 3054 502 3116 Fulsennius
521 3059 554 3102 V.
576 3077 607 3092 -
625 3057 777 3105 Fuleennius
795 3060 825 3105 E.
845 3079 880 3090 -
896 3056 1051 3116 Fulplsenius
1072 3060 1103 3104 T.
1123 3079 1158 3094 -·

27 3124 175 3171 Fuseens‘ue
193 3127 223 3170 tt.
268 3127 377 3181 Utres,
398 3127 434 3170 M.
475 3123 533 3171 191.
552 3148 587 3160 -
606 3136 654 3173 utto
671 3135 788 3173 centusse
805 3129 834 3173 F.

104 3268 167 3315 172.
192 3282 223 3313 ne
246 3284 312 3314 nune
335 3271 379 3314 rP.
426 3271 462 3315 lb.
483 3285 602 3315 accersor
629 3287 651 3316 r.
678 3287 713 3305 ι·
736 3284 856 3315 arcessar
873 3270 904 3315 P.
952 3266 1010 3315 178.
1031 3269 1161 3330 Supplicet

28 3341 137 3396 pvrPW.
184 3336 242 3384 171.
262 3353 293 3383 ne
309 3353 375 3383 nunc
392 3355 414 3384 r.
463 3339 521 3386 182.
540 3340 674 3386 Portentes
692 3338 797 3385 nebulus
815 3354 838 3385 r.
883 3337 941 3388 186.
959 3338 1027 3385 Hinc
1045 3340 1159 3400 grandes

27 3425 50 3454 r.
92 3406 156 3454 19⁰.
178 3405 311 3468 Vulsenius
330 3411 445 3465 rpvaW.

29 3504 185 3516 -——

104 3552 167 3599 177.
188 3552 274 3616 Vigilo
298 3561 321 3600 et
348 3554 425 3616 cicer]
450 3555 524 3601 Ludis
551 3556 688 3601 Floralibus
708 3554 787 3598 otnnia
811 3554 903 3599 semina
930 3553 1104 3611 spargebantur
1134 3555 1158 3599 in

28 3628 166 3681 populum,
195 3629 220 3668 nt
235 3625 320 3670 Tellus
341 3628 405 3670 velut
424 3627 564 3672 muneribus
582 3627 632 3670 suis
650 3626 796 3680 placaretur.
836 3620 895 3668 180.
916 3624 1024 3668 Herodes
1039 3626 1101 3679 apud
1120 3625 1158 3668 ln·

28 3697 106 3740 dacos
126 3695 236 3752 regnavit
251 3696 400 3751 temporibus
426 3697 542 3756 Augusti,
574 3697 597 3740 in
617 3697 724 3750 partibus
741 3695 834 3749 Syriae.
873 3694 1002 3738 Herodieni
1020 3695 1159 3753 ergodieur

26 3768 138 3809 nantem
156 3763 258 3808 Herodis
275 3765 418 3819 observant,
450 3773 476 3811 ut
493 3767 566 3811 etiarn
586 3766 703 3810 sabbata:
734 3778 781 3821 qno
806 3765 843 3809 dic
869 3765 979 3809 lucernas
1003 3778 1118 3809 accensas
1136 3769 1160 3808 et

26 3835 102 3879 violis
130 3838 259 3879 coronatas
284 3835 309 3878 in
338 3835 453 3880 fenestris
479 3841 578 3891 ponunt.
629 3832 687 3879 184.
712 3832 873 3893 Recutithue
899 3832 1015 3893 sabbeta]
1048 3835 1159 3879 lustituta

26 3905 178 3948 ludaeorum
203 3901 337 3962 significat,
368 3910 467 3961 propter
484 3905 711 3951 circumcisionem:
740 3917 825 3960 quem,
850 3910 961 3949 auctores
984 3917 1042 3948 snos
1061 3903 1156 3954 secuti,

26 3975 130 4019 laniunt.
172 3970 231 4018 185.
251 3971 349 4033 Oeaque
373 3976 491 4032 pericula
509 3973 592 4033 rupto]
635 3974 793 4028 Sacerdotes,
822 3975 862 4030 qni
876 3973 1030 4030 explorandis
1045 3970 1158 4026 periculis

27 4058 103 4089 sacra
119 4042 254 4097 faciebant,
287 4044 418 4090 observare
445 4046 556 4091 solebant
580 4058 650 4088 ovum
674 4043 724 4102 igni
744 4044 897 4099 impositum,
929 4048 1009 4086 utrum
1035 4041 1059 4083 in
1081 4039 1157 4093 capite

26 4100 56 4159 hu
84 4115 111 4158 iu
135 4114 211 4158 latere
233 4114 369 4160 desudaret.
407 4115 433 4159 st
452 4120 530 4161 autem
546 4119 642 4169 raptum
667 4113 810 4169 effluxerat,
835 4113 968 4167 periculum
987 4111 1009 4152 ei
1030 4106 1157 4161 portende-

26 4185 89 4238 bat,
111 4196 159 4238 pro
177 4197 224 4240 quo
242 4182 332 4227 facturn
350 4184 443 4239 fuerat,
464 4187 500 4229 vel
519 4187 556 4230 rei
575 4184 691 4228 lnrrriliari
709 4185 770 4229 eius.
811 4179 869 4226 186.
891 4181 1001 4224 Sistrum
1018 4176 1157 4219 sacerdotes

27 4253 103 4298 Isidis
124 4257 231 4308 portant.
267 4251 353 4296 Lusca
371 4259 464 4307 autern,
484 4255 537 4298 ideo
558 4256 621 4310 quod
643 4253 736 4296 nubiles
757 4250 888 4301 deformes,
907 4258 977 4302 quem
995 4241 1157 4284 tnatiloenon

27 4323 185 4376 invenerint,
205 4322 235 4366 ed
254 4322 388 4367 ministeria
408 4325 507 4367 deorum
527 4335 552 4366 se
571 4320 703 4369 conferant.
