2762 4762
314 822 468 900 PETRI
498 822 730 900 LOTICHII
757 821 972 898 SECUNDI

491 986 554 1035 nus.
575 984 597 1032 1.
635 984 731 1030 nnnc.
751 983 798 1028 xa.

503 1103 569 1168 AD
590 1102 789 1169 AMICOS.

222 1248 277 1310 De
299 1263 365 1308 suo
386 1242 422 1306 in
440 1240 596 1327 patriam
616 1242 732 1306 reditu
741 1238 855 1333 facta
875 1241 948 1304 iam
964 1258 1063 1323 pace.

172 1365 303 1451 Cingite
324 1364 358 1428 io
380 1362 482 1439 lauri,
506 1374 557 1426 ter
577 1361 610 1427 io
633 1384 702 1427 mea
725 1359 844 1444 cingite
865 1360 946 1424 lauri

234 1461 418 1538 Tempora3
442 1454 532 1520 linito
553 1455 680 1538 proelia
702 1456 812 1518 Marte
835 1453 941 1518 silent.

171 1552 266 1616 Nunc
288 1551 411 1615 funesta
434 1549 509 1612 anibi
530 1549 602 1630 (vix
623 1570 753 1632 possum
777 1549 910 1611 credere
931 1549 1066 1623 tantum)

235 1645 337 1708 Arma
358 1641 435 1704 licet
455 1641 541 1705 facta
563 1662 642 1724 pace
664 1641 788 1705 referre
811 1644 952 1705 domum.

170 1739 266 1802 Nunc
281 1735 368 1813 scio,
385 1736 574 1821 tranquillae
586 1756 679 1818 quam
695 1733 757 1798 sint
772 1736 857 1798 bona
872 1734 1040 1797 commoda
1053 1731 1162 1814 pacis,
1187 1734 1206 1794 5

235 1830 390 1913 Bellaque
412 1829 476 1891 siut
497 1829 592 1891 terris
615 1830 709 1912 quale
731 1840 861 1892 cruenta
883 1827 1014 1890 malurn.
1077 1870 1083 1876 «

174 1923 328 1988 Proderit
350 1923 413 1983 hoc
436 1920 510 1983 olim
532 1921 636 2000 prima
658 1920 804 1983 didicisse
825 1920 974 1984 iuventa:

237 2013 359 2079 Martis
380 2010 556 2093 inexpertis
580 2012 673 2075 dulce
695 2012 822 2076 videtur
845 2035 939 2095 opus.

173 2111 253 2174 Este
275 2104 417 2180 salutati,
441 2124 524 2188 quius
547 2125 615 2166 stim
638 2108 845 2187 complexus,
868 2105 979 2183 amici,

238 2200 313 2263 Sive
336 2197 407 2282 quis
428 2196 459 2260 in
482 2196 611 2274 studiis,
635 2219 692 2261 seu
713 2198 784 2262 tulit
807 2220 894 2262 arma
915 2199 1022 2264 simul.
1167 2201 1208 2263 lo

173 2297 247 2358 Vos
270 2313 333 2375 ego
355 2312 456 2366 nunc,
480 2288 574 2353 animi
596 2310 670 2371 pars
693 2291 796 2355 nostri
819 2314 949 2379 magua,
973 2292 1149 2378 relinquam

239 2383 365 2449 Natalis
386 2395 535 2467 repetens
559 2383 663 2447 dulcia
684 2405 761 2463 rura
782 2384 857 2449 soli.

174 2479 291 2545 Castra
314 2478 439 2551 valete,
464 2479 567 2540 valete
590 2497 699 2554 enses,
724 2476 800 2541 vale
817 2478 945 2562 hospita
965 2480 1059 2544 tellus

236 2574 413 2635 Erremus
436 2582 468 2633 et
490 2569 628 2635 lacrimis
650 2570 780 2636 conscia
801 2570 873 2654 ripa
894 2571 985 2637 meis.

174 2667 246 2731 Vos
270 2684 399 2748 quoque
421 2673 590 2726 consortes
612 2684 764 2748 operum,
790 2687 873 2747 quos
894 2663 997 2749 nuper
1018 2669 1135 2732 acerbo
1170 2667 1208 2730 15

237 2761 366 2824 Funere
388 2756 482 2818 Mars
504 2755 609 2817 hausit
630 2756 777 2820 turbidus
799 2767 871 2821 ante
893 2757 991 2836 diem,

177 2855 324 2918 illustres
346 2847 467 2910 salvete
490 2847 611 2908 animae
631 2846 827 2933 longumque
849 2851 970 2928 valete,

239 2947 374 3027 Tuque,
398 2941 454 3003 sed
476 2939 563 3018 (beu)
585 2937 695 3002 fractis
719 2941 896 3018 cornibus,
921 2943 1018 3023 Albi,
1042 2946 1126 3009 vale.

174 3043 221 3105 At
242 3050 277 3102 tu
298 3055 412 3119 parce,
436 3054 570 3116 precor,
594 3034 761 3110 subiectis,
784 3035 891 3100 inclite
914 3036 1054 3114 Caesar,

236 3134 406 3196 Humanae
427 3127 530 3191 lactus
552 3124 649 3201 sortis
672 3131 712 3189 ab
735 3129 828 3191 hoste
850 3150 986 3194 memor.
1173 3131 1214 3192 90

177 3225 291 3290 Gloria
313 3218 429 3285 victori
450 3230 500 3283 cst
521 3217 613 3282 victis
636 3219 756 3283 donare
778 3219 931 3298 salutem,

240 3318 311 3382 Nec
333 3313 453 3378 crimen
461 3356 472 3389 ,
494 3309 647 3396 quidquid
667 3333 732 3376 non
754 3314 834 3377 benc
857 3313 970 3394 cessit,
993 3316 1102 3395 habet.

177 3414 279 3475 Laeta
303 3404 498 3473 volubilibus
520 3403 657 3469 victoria
677 3406 825 3489 passibus
848 3417 958 3482 errat3

246 3506 291 3568 Et
312 3499 418 3585 magni
440 3521 534 3585 reges
557 3509 588 3563 et
609 3496 752 3563 cecidere
775 3501 885 3563 duces.

181 3594 318 3663 Fallor?
340 3616 379 3657 au
400 3593 555 3675 incipiunt
576 3592 631 3657 alti
652 3592 818 3656 subsidere
839 3591 984 3683 montes?
1170 3595 1210 3658 25

241 3688 350 3772 Spirat
371 3699 404 3751 et
425 3707 442 3750 e
465 3684 577 3768 patriis
600 3684 703 3749 lenior
724 3705 802 3748 arira
823 3683 933 3770 iugis?

180 3783 274 3847 Salve
297 3783 388 3844 dulce
409 3780 530 3843 solum!
553 3800 619 3843 nou
640 3776 722 3842 mitis
745 3789 776 3841 et
798 3778 918 3861 optima
938 3799 1047 3844 rerum

243 3876 315 3939 Pax
337 3871 415 3948 tibi,
440 3892 504 3935 non
527 3873 598 3955 agri
617 3870 731 3935 fertilis
753 3873 834 3934 uber
856 3873 957 3935 abest.

179 3971 253 4034 Non
276 3964 334 4028 tibi
354 3975 446 4047 prata
468 3963 534 4027 suis
556 3967 669 4027 desunt
689 3963 833 4029 rorantia
853 3963 952 4042 rivis,

244 4060 354 4124 Ubera
377 4055 495 4140 quique
517 4056 623 4119 lerant
644 4069 771 4121 nectare
792 4059 885 4141 plena
907 4079 1038 4143 greges.
1176 4058 1217 4122 30

166 4153 210 4216 Ὀ
234 4149 359 4234 quoties
382 4169 464 4233 ego,
490 4145 633 4227 Cynthi,
657 4161 750 4225 tuas,
775 4149 1006 4232 placidissime,
1029 4151 1174 4235 lymphas

149 4260 153 4267 ’
243 4241 382 4326 Optavi!
404 4241 547 4324 quicties,
570 4241 716 4306 herbifer
738 4239 820 4317 Aci,
844 4246 934 4307 tuas!
