2736 4748
213 188 278 252 262
324 131 332 144 ·

212 345 361 421 Vindex,
385 343 438 408 ille
458 339 542 418 lori,
566 339 671 426 legum
693 337 836 423 iurisque
857 349 1022 425 togaeque

212 448 347 512 Publica
369 467 436 510 vox
456 442 562 509 saevis
584 453 745 506 aeternum
768 442 927 504 obmutuit
948 441 1060 505 armis.

161 625 167 635 Ι
212 547 375 612 lnlormes
397 547 505 610 voltus
526 564 734 627 sparsamque
755 564 872 606 cruore
894 544 1035 606 ociando
1066 590 1069 609 ,

213 649 370 715 Canitiem
393 667 564 729 sacrasque
585 667 694 708 maniis
718 665 916 728 operumque
940 643 1101 708 ministras

213 753 393 814 Tantorum
415 748 551 831 pedibus
573 747 651 809 ciris
674 746 817 827 proiecta
839 745 986 827 superbis

213 850 424 917 Proculcarit
444 870 545 914 orans
566 870 625 911 nec
646 841 768 910 lubrica
791 846 855 909 fata
879 850 1022 930 deosque

212 952 383 1034 Respexit.
426 951 527 1014 Nullo
548 951 613 1012 luet
635 952 699 1013 hoc
720 947 881 1012 Antonius
904 971 1001 1013 aevo.

212 1056 290 1118 Hoc
311 1075 370 1116 uec
391 1052 423 1114 in
445 1050 597 1116 Emathio
619 1049 701 1112 mitis
724 1049 860 1112 victoria
884 1052 1006 1127 Perse,

212 1157 353 1230 Necte,
378 1154 446 1217 dire
468 1153 622 1234 Syphax,
645 1171 709 1215 noo
731 1150 810 1213 lecit
830 1150 863 1214 in
885 1153 979 1216 hoste
1000 1153 1182 1236 Philippo;

213 1256 316 1338 Inque
336 1254 532 1336 triumphato
555 1251 689 1314 ludibria
712 1264 823 1313 cuncta
847 1251 1003 1336 Iugurtha

212 1356 400 1421 Abluerunt
421 1364 615 1437 nostraeque
637 1355 753 1414 cadens
771 1353 863 1416 vferus
886 1355 1046 1417 Hannibal
1069 1355 1136 1419 irae

212 1457 366 1521 Membra
387 1467 492 1518 tamen
513 1454 641 1538 Stygias
663 1454 733 1517 tulit
755 1452 908 1518 inviolata
931 1460 992 1518 sub
1015 1460 1159 1521 umbras.
1290 1460 1325 1522 tt

274 1651 360 1716 XII.
403 1650 445 1714 In
467 1646 646 1712 Tiberium
667 1649 864 1713 Caesarem.
905 1596 1127 1727 ⁴(Amhol'2Ln
1153 1651 1187 1713 2.
1213 1652 1275 1729 ts.)

213 1786 356 1868 Adspice
376 1784 503 1848 felicem
524 1784 605 1859 sibi,
629 1806 693 1848 non
715 1785 791 1862 tihi,
816 1787 975 1861 Romule,
1001 1788 1147 1866 Sullam,

277 1890 323 1952 Et
343 1886 505 1961 Marium,
528 1885 556 1948 si
577 1886 644 1960 vis,
671 1887 815 1967 adspice,
838 1890 897 1949 sed
917 1891 1082 1953 reducem.

215 1990 372 2053 Necnon
395 1985 519 2051 Antoni
541 1987 646 2050 civilia
670 1988 752 2050 bella
777 1988 951 2064 moventis,

277 2091 350 2153 Nec
372 2088 469 2152 semel
490 2088 622 2151 iniectas
644 2088 771 2169 adspice
794 2092 891 2152 caede
914 2110 1043 2154 rnanus:

215 2192 259 2256 Et
281 2190 351 2265 dic,
375 2192 480 2256 Roma
502 2189 601 2272 perit;
624 2190 772 2272 regnabit
794 2191 946 2272 sanguiue
968 2192 1090 2271 multo,

278 2294 334 2357 Ad
354 2313 488 2377 regnum
510 2290 653 2376 quisquis
676 2289 764 2354 venit
786 2293 825 2353 ab
848 2291 960 2357 exilio.

279 2487 381 2553 XIII.
425 2484 622 2551 Germanici
643 2487 804 2550 Caesaris
825 2487 873 2549 od
892 2488 1055 2551 Hectoris
1083 2493 1266 2553 tumulum.

588 2589 738 2666 (Anthol.
762 2591 806 2650 L.
830 2591 861 2653 1.
888 2591 976 2669 lot.)

216 2723 336 2791 Martia
358 2723 550 2809 progenies,
574 2726 723 2801 Hector,
746 2757 788 2771 -
810 2725 923 2788 tellure
945 2729 1004 2790 suh
1026 2726 1090 2793 ima

279 2829 342 2890 Fas
364 2827 473 2890 audire
496 2840 597 2890 tamen
620 2827 646 2890 si
670 2848 736 2889 mea
759 2829 857 2891 verba
882 2828 938 2892 tihi
957 2865 998 2879 -

215 2929 375 3010 Respira,
400 2929 548 3013 quoniam
571 2928 689 2991 vindex
712 2929 770 2992 tibi
792 2930 927 3014 contigit
949 2933 1063 3010 heres,

282 3031 345 3110 Qui
367 3030 487 3113 patriae
509 3031 622 3097 lamam
645 3031 793 3113 proferat
815 3053 915 3115 usque
939 3044 1023 3097 tuae.

217 3131 297 3197 Ilios
320 3154 359 3195 en
381 3136 484 3215 surgit
506 3154 630 3194 rursum
653 3132 777 3206 inclita3
802 3154 879 3216 gens
903 3134 980 3197 colit
1001 3134 1104 3213 illam,
1309 3137 1328 3198 5

281 3236 330 3297 Te
353 3235 462 3298 Marte
485 3230 638 3309 inferior,
663 3235 781 3296 Mortis
806 3233 905 3296 amira
927 3246 1045 3300 tamen.

217 3335 438 3418 Myrmidonas
460 3334 593 3417 periisse
616 3357 726 3398 omnes
749 3335 817 3412 dio,
842 3340 987 3416 Hector,
1012 3339 1151 3420 Achilli,

281 3435 479 3504 Thessaliam
503 3446 536 3501 et
557 3436 680 3521 maguis
704 3458 772 3502 esse
794 3441 853 3503 suh
877 3444 1052 3507 Aeneadis.

287 3666 356 3711 xm.
377 3663 401 3711 i.
416 3663 543 3726 proferet]
560 3667 625 3712 Pith.
644 3667 727 3711 licius.
744 3665 878 3727 praeferet
895 3671 978 3715 Burin.
1017 3673 1131 3718 Ceterum
1149 3678 1329 3720 couversomest

219 3734 250 3781 ab
268 3735 327 3780 ltnlo
340 3736 449 3794 aliquod,
469 3742 494 3782 nt
512 3744 585 3794 puto,
606 3750 636 3780 ax
653 3738 811 3796 Anthologiae
830 3740 909 3787 Patet.
929 3742 959 3790 Τ,
980 3738 1005 3789 2.
1026 3756 1050 3798 p.
1073 3741 1132 3791 138.
1151 3745 1183 3789 Ν.
1205 3742 1266 3791 stt.

284 3872 406 3948 Ἕκτορ,
425 3871 537 3950 Ἀρήϊον
555 3872 648 3944 αἷμα,
668 3877 744 3932 κατὰ
761 3878 874 3945 χθονὸς
890 3879 921 3933 εἴ
934 3897 992 3935 που
1010 3877 1149 3948 ἀκούεις,

356 3947 450 4016 Χαῖρε
467 3950 518 3999 καὶ
534 3943 707 4012 ἄμπνευσον
723 3947 813 4012 βαιὸν
830 3946 905 4022 ὑπὲρ
923 3952 1071 4022 πατρίδος.

281 4009 373 4066 Ἴλιον
391 4020 516 4064 οἰκεῖται
534 4012 633 4076 κλεινὴ
652 4017 755 4078 πόλις,
774 4013 885 4090 ἄνδρας
903 4015 1019 4083 ἔχουσα

356 4081 425 4160 Σοῦ]
436 4080 490 4145 μὲν
508 4078 751 4194 α’(ραιζῖοτέρους,
772 4082 832 4141 ἀλλ’
852 4083 895 4138 ἔτ’
915 4087 1103 4160 ἀρηϊφίλους.

287 4145 475 4216 Μυρμιδονρς
491 4144 515 4196 d'
534 4159 594 4195 απο
614 4159 691 4196 οντο.
727 4152 902 4222 Παρίστασο
921 4159 973 4209 καὶ
990 4153 1049 4224 λέγ’
1067 4155 1184 4223 Ἀχιλλεῖ

357 4211 526 4279 9800091711
543 4211 660 4266 >limat
677 4215 776 4271 πᾶσαν
793 4217 843 4274 ὑπ’
858 4222 1024 4289 Αίνεάόαις.
