2750 4744
247 218 307 289 198

246 387 277 450 0
302 386 399 459 lane,
425 405 440 445 a
464 394 558 467 tergo
583 402 675 466 quem
699 378 783 443 nulla
807 377 927 443 ciconia
949 376 1065 461 pinsit,

245 491 316 550 Nee
339 506 464 561 uranus,
490 484 648 546 auriculas
671 482 785 545 imitari
808 482 934 545 mobilis
958 482 1068 556 albas,

246 593 319 652 Nee
341 587 487 672 linguae,
512 597 663 668 quantum
687 584 771 647 sitiat
793 584 880 645 oanis
905 583 1054 665 Appula,
1081 588 1216 646 tantum!
1308 589 1333 646 ld

245 693 339 765 Vos,
363 712 383 753 o
405 687 559 772 patricius
584 687 734 771 sanguis,
758 706 840 769 quos
865 684 974 747 vivere
995 685 1045 748 sas
1067 697 1115 749 est

246 792 386 875 Occipiti
408 810 523 865 caeco,
548 788 691 870 posticae
714 787 873 851 occurrite
896 792 1030 850 sannae!
1054 819 1089 832 -

246 894 350 975 „Quis
373 892 485 975 populi
509 912 614 953 sermo
637 889 734 953 est?”
757 920 798 932 -
823 887 903 969 Quis
919 888 1025 951 enim?
1048 889 1107 952 nisi
1124 889 1255 951 earmina
1270 890 1331 953 uolli

244 999 340 1060 Nune
363 997 484 1057 dentiam
509 1014 642 1055 urimoro
666 992 783 1066 fluere,
807 1000 843 1052 ut
863 1011 923 1072 per
945 991 1016 1054 leve
1040 1012 1172 1054 severos

244 1098 397 1161 Effundat
418 1095 562 1159 iunctura
587 1115 725 1178 ungues3
749 1093 809 1155 scit
831 1094 959 1155 tendere
984 1114 1110 1155 versum
1306 1093 1331 1153 66

246 1204 322 1265 Non
346 1222 455 1274 secus,
482 1219 519 1260 ae
541 1196 566 1259 si
591 1198 686 1260 oculo
710 1194 869 1258 rubricata
894 1195 1009 1278 dirigat
1031 1217 1109 1259 uno.

246 1304 321 1368 Sive
344 1324 424 1383 opus
446 1301 479 1363 in
501 1320 627 1372 mores,
651 1298 682 1360 in
705 1299 836 1374 luxum,
862 1297 892 1358 in
915 1295 1048 1378 prandia
1069 1318 1182 1381 regum

245 1407 381 1480 Dicere,
407 1425 458 1466 res
482 1405 620 1487 grandes
641 1412 754 1463 nostro
777 1403 830 1462 dat
851 1401 948 1463 Mrna
971 1401 1101 1480 po'e'tae.
1126 1433 1167 1444 -

247 1512 333 1599 llere
356 1508 452 1569 modo
475 1507 589 1567 heroas
612 1524 722 1565 sensus
746 1503 861 1565 afferre
884 1501 1029 1565 videmus

244 1606 373 1692 Nugari
395 1605 508 1671 solitos
532 1607 657 1667 Graeoe
682 1625 740 1666 neo
761 1624 883 1685 ponere
905 1605 1009 1666 lucum

245 1710 397 1773 Artifices
421 1729 480 1773 nee
501 1729 555 1769 rus
579 1717 720 1768 saturum
743 1706 895 1780 laudare,
920 1706 975 1767 uhi
998 1709 1114 1769 corbes

248 1814 292 1875 Et
314 1812 407 1874 focus
430 1822 460 1872 et
482 1808 575 1890 porci
598 1819 630 1870 et
651 1807 777 1870 fumosa
801 1806 914 1871 Palilia
937 1808 1053 1871 foeno:

245 1915 338 1978 Unde
361 1911 481 1975 Reman
505 1910 659 1992 sulcoque
682 1921 788 1971 terens
810 1908 965 1984 dentalia,
991 1911 1139 1990 Quincti,

247 2017 353 2096 Quom
376 2012 500 2094 trepida
524 2023 594 2074 aule
616 2013 719 2074 boves
743 2009 931 2072 dictaturam
954 2011 1054 2073 induit
1077 2034 1162 2074 uxor

245 2119 288 2180 Et
311 2128 363 2178 tua
378 2126 491 2203 aratra
515 2115 642 2176 domum
665 2113 762 2175 lictor
782 2111 866 2174 tulit.
891 2147 932 2157 -
955 2114 1067 2196 Euge,
1092 2117 1211 2195 po'e'ta!

246 2220 307 2281 Est
329 2236 429 2291 nune,
457 2215 580 2278 Brisaei
603 2234 697 2297 quem
722 2234 859 2276 venosus
881 2213 965 2275 liber
988 2216 1088 2290 Acci,

246 2320 343 2395 Sunt,
368 2337 450 2399 quos
473 2315 698 2398 Pacuviusque
721 2327 751 2377 et
778 2335 950 2377 verrucosa
974 2329 1116 2380 moretur

246 2419 410 2502 Antiopa,
436 2465 449 2491 ,‚
459 2417 616 2481 aerumnis
639 2437 697 2481 cor
719 2415 924 2479 luctificabile
946 2416 1062 2480 sulta.''

318 2653 359 2699 58.
381 2654 510 2710 -pinxit
524 2654 555 2697 ll.
574 2652 712 2710 -punxit
729 2654 758 2698 F.
798 2650 838 2697 59.
859 2648 958 2696 imitari
975 2647 1052 2710 mob.]
1071 2650 1150 2698 Vatir.
1170 2649 1243 2710 Lugd.
1261 2651 1332 2693 Bal.-

249 2723 475 2767 imitutoeatCodd.
484 2724 531 2766 anei
540 2728 561 2766 et
572 2723 628 2765 ΑΜ.
644 2723 680 2765 lb.
693 2745 726 2755 -
737 2724 804 2766 ollae
810 2723 841 2765 V.
858 2717 898 2765 60.
907 2719 1028 2777 -Apnlu
1035 2722 1095 2764 VM.
1103 2720 1236 2777 -Apulue
1245 2718 1330 2762 tontoel.

246 2812 279 2827 -
288 2793 361 2848 epulo
375 2792 405 2835 R.
417 2797 551 2835 -tuutum
561 2792 644 2835 silicet
654 2788 710 2846 (sic)
724 2805 746 2834 e.
761 2789 853 2848 Apulo.
873 2794 991 2848 quandem
1004 2790 1035 2835 A.
1057 2787 1098 2833 61.
1111 2813 1144 2822 -
1158 2789 1180 2832 0
1193 2803 1232 2833 nor
1242 2789 1267 2831 ll.
1280 2788 1332 2828 -iu
1346 2784 1347 2827 f

247 2867 285 2905 eet
297 2863 324 2905 1¹⁸.
339 2857 392 2920 isus
404 2858 483 2903 firmat
496 2859 588 2915 Vatis.)
601 2883 633 2894 -
647 2861 684 2904 vie
695 2865 733 2903 ert
746 2863 776 2904 V.
816 2856 856 2903 63.
872 2881 905 2891 -
917 2871 1009 2902 sereno.
1021 2859 1078 2916 quie
1091 2859 1140 2902 TS.
1162 2859 1198 2906 lb.
1212 2857 1305 2901 carmine
1312 2855 1331 2895 lt.

249 2929 291 2974 66.
306 2950 339 2964 -
351 2942 455 2972 ursmaro
473 2925 574 2987 effluere
594 2932 622 2972 Α,
634 2952 667 2970 -.-
675 2928 759 2990 fluere
776 2940 881 2972 urrueero
893 2926 923 2971 E.
950 2928 986 2970 lb.
1000 2928 1104 2984 perlene
1124 2929 1161 2971 M.
1201 2924 1240 2971 65.
1257 2924 1331 2968 eciell.

249 2996 291 3042 66.
306 3012 335 3041 ne
348 2998 419 3042 oculo
436 2998 471 3040 Μ.
512 2995 552 3042 67.
573 2998 599 3041 in
613 2996 669 3055 pn]
689 2998 786 3041 TSAM.
824 2998 884 3039 ltem
902 2996 1027 3040 R.asee.
1052 2990 1347 3051 manu—etpumia

248 3064 289 3112 70.
310 3085 343 3101 ·-
355 3067 445 3126 groeci
465 3067 544 3110 Velie.
567 3087 596 3097 -
617 3079 666 3109 non
675 3080 769 3122 ponere
788 3067 813 3110 S.
844 3064 923 3108 16.-
941 3065 1012 3107 lueoe
1029 3065 1058 3108 F.
1081 3062 1121 3108 71.
1143 3064 1216 3108 corbe
1233 3065 1256 3107 S.
1274 3059 1332 3106 72.-

246 3137 318 3193 porci
329 3133 436 3194 sumnia
455 3135 485 3178 Τ.
518 3134 554 3177 lh.
574 3153 608 3166 ·-
622 3136 728 3191 peiurio
742 3135 772 3179 R.
810 3130 851 3179 73.
879 3157 911 3167 —
931 3131 1018 3193 Quinti
1036 3133 1133 3179 Tusu.
1155 3152 1189 3168 -
1207 3131 1298 3192 (triano
1314 3128 1331 3169 F.

249 3204 290 3249 74.
312 3202 399 3264 Quom]
419 3205 449 3246 V.
476 3227 507 3237 -
534 3202 610 3262 (luem
632 3205 772 3248 Tusssnut.
811 3202 849 3245 lb.
868 3199 1033 3259 dictaturam]
1057 3202 1155 3247 TVEA.
1187 3226 1219 3235 -
1241 3200 1333 3244 dictatura

247 3275 323 3318 RSM.
363 3271 403 3316 75.
425 3269 502 3314 -Er
519 3273 570 3315 tria
586 3273 616 3317 T.
656 3271 696 3317 76.
715 3268 828 3329 Brisaei]
847 3269 1066 3314 Pinum-drisci
1084 3268 1332 3314 viticusum.-

247 3341 340 3384 6riaeie
361 3343 392 3384 V.
413 3338 446 3397 (l)
467 3342 568 3396 Sroppa.
608 3332 649 3388 77.
673 3340 856 3400 -pecuninus
874 3345 897 3384 et
916 3339 983 3383 T.-
997 3337 1143 3398 pluenuiue
1161 3345 1186 3383 et
1202 3343 1229 3383 A.
1264 3335 1330 3382 tt:

246 3410 351 3467 Antiope
369 3411 425 3453 Vat-

318 3571 359 3617 59.
379 3571 478 3614 imitatu
496 3575 534 3614 eet
551 3569 615 3614 moli.
636 3572 730 3624 rpr.
751 3572 786 3615 lb.
807 3573 874 3616 altas
893 3586 915 3616 r.
967 3568 1007 3616 ⁶7.
1026 3572 1095 3615 loeva
1112 3585 1151 3625 rp.
1192 3567 1232 3615 67.
1251 3574 1331 3624 oraru·

248 3642 290 3687 diu
310 3642 361 3683 wP.
382 3663 414 3672 --
435 3653 467 3681 ou
485 3653 528 3696 pr.
559 3653 571 3692 ρ
636 3637 676 3683 68,
695 3639 789 3684 Dicere
807 3655 850 3685 ree
867 3641 897 3684 P.
955 3638 995 3685 73.
1022 3639 1109 3700 Quinti
1127 3653 1173 3682 rw.
1229 3635 1346 3699 stifft

248 3713 278 3754 P.
317 3710 353 3752 lb.
373 3707 519 3751 dictatorem
539 3709 662 3764 (Foquel.)
680 3723 718 3763 ep.
774 3707 815 3754 76.
837 3707 950 3768 Bryeaei
967 3723 998 3752 av.
1021 3730 1049 3740 -
1069 3706 1171 3752 Briseis
1189 3709 1259 3764 rpW.
1345 3702 1346 3763 ]

246 3811 395 3825 m

317 3869 359 3915 58.
379 3869 457 3914 Nulla
479 3869 588 3928 ciconia]
616 3871 675 3912 Tria
701 3884 790 3928 genera
810 3881 956 3913 sannarum:
992 3874 1033 3913 ant
1055 3883 1127 3913 anano
1152 3866 1333 3926 signifieereeieo

246 3946 324 3996 niam,
346 3946 385 3984 aut
400 3941 510 3995 opposito
529 3939 677 3992 temporibus
693 3940 778 3992 pollice
797 3941 916 3983 auriculas
934 3939 1059 3992 asininas,
1079 3944 1120 3981 aut
1141 3940 1246 3996 linguam
1265 3935 1333 3979 sitiente

246 4015 321 4057 canis.
360 4010 447 4054 Suana
475 4014 554 4051 auteur
579 4007 664 4051 dicitur
692 4021 719 4049 os
743 4009 871 4052 distortum
890 4022 943 4051 eum
964 4009 1045 4051 voltu:
1078 4009 1141 4064 quod
1159 4008 1275 4059 tacimus,
1291 4011 1334 4059 qun

247 4083 308 4123 alios
327 4079 472 4122 deridemus.
511 4076 568 4116 inde
591 4073 717 4116 sanniones
739 4076 812 4129 dicti,
833 4078 871 4133 qui
894 4091 941 4119 non
957 4080 1049 4120 rectum
1068 4077 1159 4119 voltum
1178 4077 1285 4120 babeant,
1312 4065 1333 4113 tt.

247 4144 351 4202 Palilia]
370 4148 467 4189 Varro:
500 4141 594 4184 Palilia
619 4144 669 4180 tum
687 4141 789 4195 private
815 4158 889 4201 quam
908 4144 1013 4203 publiea
1040 4151 1099 4188 erent
1115 4144 1184 4201 apud
1201 4138 1335 4188 rusticani

249 4214 379 4273 congestis
401 4224 458 4252 eum
475 4206 555 4265 saeuo
573 4205 673 4262 stipulis
696 4209 780 4266 ignem
804 4225 925 4271 magnum
949 4213 1107 4268 transiliant,
1136 4212 1178 4257 trie
1202 4211 1335 4259 Fulminat

250 4280 355 4340 expiari
373 4277 513 4322 eredentes.
1089 4288 1093 4295 .
