2736 4748
208 213 271 277 tto

107 398 113 409 ·
210 368 362 435 Carmina
384 387 482 455 quom
504 365 687 433 iaciassmi
709 364 852 430 cedentia
873 364 989 442 fratri,

271 473 412 534 Pectore
435 492 498 534 nou
522 471 704 544 minores,
728 470 783 531 sed
806 468 925 549 pietate
947 468 1053 550 prior.

207 572 329 635 Lesbia
351 594 422 634 cum
445 583 558 634 tenero
581 583 614 633 te
633 581 743 651 posset
765 591 873 633 amare
895 570 1047 646 Catullo,

271 676 318 735 Te
341 683 416 754 post
437 674 599 737 Nasonem
623 672 736 732 blanda
760 670 902 734 Corinna
924 671 1027 754 sequi.

206 775 279 836 Nec
299 777 432 836 deerant
455 773 621 854 Zephyri,
645 758 673 834 si
696 774 825 835 tedere
849 772 918 833 vela
943 772 1088 835 iuvaret:

268 877 331 937 Sed
354 885 387 937 tu
408 873 485 937 litus
507 894 608 935 amas.
650 874 726 936 Hoc
747 893 878 956 quoquc
899 873 1010 936 lratris
1032 875 1144 935 babes.

461 1033 593 1097 LXVI.
626 1030 805 1095 Eiusdem.
840 1031 975 1107 (brat.
993 1030 1069 1107 ¹48.)

205 1140 302 1204 Silius
324 1143 403 1204 haec
425 1139 531 1225 magni
552 1142 694 1204 celebrat
716 1151 917 1203 monumenta
941 1139 1113 1216 Maronis,

268 1241 388 1325 Iugera
409 1241 538 1305 facundi
559 1241 616 1325 qui
638 1241 807 1305 Ciceronis
829 1244 936 1304 babet.

204 1341 366 1405 Heredem
388 1344 613 1427 dominumque
635 1344 687 1407 sui
708 1343 861 1407 tumulive
883 1341 1020 1411 Larisve

267 1446 343 1508 Non
366 1443 460 1508 aliurn
482 1445 589 1511 mallet
609 1466 669 1508 nee
692 1446 793 1507 Maro
816 1464 875 1507 nec
897 1443 1029 1507 Cicero.

447 1604 600 1668 ιΧνιι.
633 1602 814 1666 arrisum.
848 1602 906 1680 (n.
932 1601 983 1662 aa.
1008 1600 1076 1678 30.)

288 1711 419 1787 Siccus,
444 1711 571 1774 sobrius
594 1724 641 1773 est
663 1714 774 1793 Aperr
798 1711 875 1801 quid
897 1713 936 1772 ad
958 1710 1032 1772 me?

332 1815 468 1877 Servum
491 1809 537 1875 sie
559 1834 623 1896 ego
645 1816 760 1890 laudo,
785 1833 851 1875 non
873 1812 1019 1875 amicum.

442 1954 614 2018 uxum.
645 1951 824 2015 nimam.
862 1951 919 2029 (n.
944 1950 997 2014 12.
1020 1951 1089 2028 ar.)

202 2060 279 2126 Hoc
301 2080 427 2138 nemos,
451 2059 633 2136 bisontes,
657 2063 736 2124 baec
758 2060 878 2124 textilis
901 2062 1012 2123 umbra
1034 2060 1140 2142 supini

149 2144 154 2151 .
265 2161 427 2239 Palmitis,
450 2160 515 2226 hoc
537 2162 650 2246 riguae
671 2160 789 2224 ductile
808 2162 924 2224 flumen
948 2184 1068 2244 aquae,

202 2263 364 2345 Prataque
386 2284 446 2326 nec
467 2263 574 2326 hilero
596 2284 724 2326 cessura
747 2262 869 2326 rosaria
891 2264 1029 2338 Paesto,

267 2363 428 2445 Quodque
450 2366 534 2426 viret
556 2362 625 2427 Iani
649 2385 755 2426 meuse
777 2386 835 2427 nec
857 2365 944 2448 alget
966 2365 1052 2438 olus3

202 2463 358 2546 Quaeque
379 2473 466 2526 natat
489 2464 603 2527 clarrsis
627 2464 765 2549 anguilla
789 2466 963 2530 domestica
983 2464 1120 2547 lymphis
1130 2471 1143 2542 ,'

265 2564 420 2646 Quaeque
443 2564 526 2646 gerit
547 2565 664 2629 similes
688 2565 818 2628 eandida
840 2567 938 2628 turris
960 2586 1054 2641 aves,

201 2661 341 2726 Munera
365 2675 439 2726 sunt
461 2665 622 2740 dominae;
645 2680 718 2748 post
740 2666 871 2749 septima
894 2668 994 2729 lustra
1016 2689 1151 2730 reverso

263 2761 332 2823 Has
355 2762 513 2824 Marcella
535 2765 649 2826 domos
671 2784 837 2848 parvaque
859 2770 959 2848 regna
983 2767 1078 2827 dedit.

85 2892 88 2900 ·
200 2857 235 2922 Si
258 2860 333 2923 mibi
355 2861 517 2924 Nausica'e'
537 2862 661 2943 patrios
683 2864 874 2929 concederet
896 2867 1030 2942 hortos,

260 2959 403 3027 Alcinoo
425 2980 553 3043 possem
576 2963 702 3042 dicere,
727 2968 811 3032 malo
834 2988 937 3032 meos.

343 3082 346 3089 ’
416 3099 547 3166 exin.
575 3102 762 3169 numm.
796 3106 986 3188 (Amphor.
1011 3106 1100 3186 185.)

196 3208 321 3290 Accipe
343 3207 471 3273 facundi
494 3209 656 3288 Culicem,
681 3213 842 3290 studiose,
866 3215 1016 3279 Maronis
1029 3259 1040 3291 ,

260 3312 312 3373 Ne
333 3309 429 3394 nugis
450 3311 562 3394 positis
585 3332 673 3377 arma
695 3314 865 3399 virumque
887 3337 993 3380 canas.

362 3450 476 3515 LXX·
512 3445 692 3517 Eiusdem.
729 3456 904 3517 Lucanus.
941 3453 1040 3532 (Ibid.
1059 3455 1147 3535 1911.)

198 3557 277 3620 Sunt
298 3557 448 3641 qnidam,
472 3559 528 3645 qui
549 3582 599 3622 me
621 3563 728 3629 dicunt
750 3585 814 3626 uon
837 3584 907 3627 ense
929 3567 1083 3646 politam:

260 3659 324 3721 Sed
345 3660 400 3742 qui
421 3682 471 3725 me
493 3663 620 3739 vendit,
641 3663 822 3755 bibliopola
843 3676 948 3747 putat.

463 3802 594 3864 cxxi.
628 3801 806 3865 nauium.
840 3805 898 3881 (n.
924 3804 955 3866 7.
979 3803 1049 3880 eo.)

195 3902 298 3968 Iactat
318 3904 513 3989 inaequalem
534 3911 651 3973 Matho
673 3932 722 3974 me
743 3913 861 3976 fecisse
882 3912 1046 3977 libelluma

260 4004 295 4066 Si
319 4025 429 4067 verum
452 4019 517 4080 est,
543 4009 649 4069 laudat
671 4014 808 4077 carmina
832 4026 942 4081 nostra
963 4016 1094 4078 Matho.

194 4102 357 4182 Aequales
379 4103 493 4172 scribit
513 4103 615 4174 libros
637 4106 789 4174 Calvinus
810 4125 842 4176 et
864 4116 1004 4179 Umber:

259 4200 416 4281 Aequalis
438 4198 518 4260 liber
540 4204 776 4307 est,“Creticc,
801 4214 857 4297 qui
879 4214 978 4278 sualua
1000 4226 1062 4279 est.
1121 4248 1124 4253 ·
1148 4272 1155 4281 .
