2772 4750
238 175 280 238 st

241 334 395 416 Quaeque
415 327 486 413 geri
503 325 649 411 possint,
671 326 861 409 praesertim
883 330 979 392 rebus
999 328 1032 392 in
1054 328 1145 406 ollis,

240 437 330 517 Quae
350 453 445 515 supra
467 441 562 513 caput
582 429 731 493 aetheriis
750 441 923 505 cernuntur
941 431 975 494 iu
997 430 1082 507 oris,

240 541 365 603 Rursus
383 534 416 597 in
440 532 585 618 antiquas
603 531 788 595 referuntur
808 531 983 616 religiones

173 635 180 647 '
241 642 286 704 Et
308 637 456 703 dominos
476 632 578 698 aereis
597 632 772 709 asciscunt,
796 633 902 698 onmia
919 656 1016 717 posse

238 743 329 823 Quos
349 736 474 802 miserei
493 739 643 811 credunt;
667 734 793 818 ignarei
814 736 892 821 quid
910 749 1006 822 queat
1025 760 1111 816 esse,

239 843 328 923 Quid
346 850 499 925 nequeat;
521 837 613 901 finita
631 848 773 919 potestas
794 838 929 923 denique
951 840 1094 926 quoique

236 947 380 1025 Quanam
400 941 443 1005 sit
464 939 590 1005 ratione
611 950 705 1023 atque
727 940 790 1002 alte
811 940 963 1004 terminus
983 944 1137 1007 haerens:

235 1049 309 1128 Quo
330 1044 433 1128 magis
455 1053 598 1106 errantes
620 1063 715 1104 caeca
738 1041 863 1106 ratione
882 1043 1041 1107 seruntur.

297 1150 387 1229 Quae
409 1144 469 1208 nisi
492 1143 616 1226 respuis
638 1165 679 1205 ex
701 1142 806 1207 animo
828 1144 991 1231 longeque
1009 1147 1161 1223 remittis,

232 1253 294 1317 Dis
316 1249 447 1333 indigna
466 1257 580 1329 putare
606 1244 772 1330 alienaque
793 1245 883 1329 pacis
903 1268 1033 1323 eorum;

233 1352 386 1419 Delibata
410 1353 502 1412 deum
525 1358 633 1430 perte
655 1347 715 1410 tibi
737 1348 863 1411 numina
882 1361 991 1414 sancta

233 1458 335 1536 Saepe
359 1454 515 1526 oberunt3
538 1470 623 1526 non,
648 1472 713 1535 quo
737 1450 856 1514 violari
876 1473 996 1516 summa
1016 1456 1108 1517 detlnr
1133 1454 1181 1517 vis

232 1556 361 1631 Possit,
384 1565 417 1616 ut
437 1575 479 1617 ex
500 1552 549 1615 ira
571 1573 691 1633 poenas
709 1563 819 1634 petere
839 1552 974 1618 imbibat
992 1555 1112 1629 acreis3

231 1662 295 1723 Sed
314 1657 386 1743 quia
404 1667 470 1719 tute
493 1652 553 1716 tibi
570 1652 697 1735 placida
715 1676 785 1717 cunr
804 1677 883 1737 pace
905 1657 1031 1742 quietos

230 1760 416 1827 Constitues
440 1777 573 1840 magnos
594 1754 715 1818 irarum
738 1757 871 1822 volvere
893 1760 1026 1835 fluctus3

227 1866 298 1927 Nec
320 1862 453 1925 delubra
475 1862 567 1922 deum
588 1857 717 1940 placido
741 1881 811 1921 cum
834 1871 966 1940 pectore
989 1861 1110 1939 adibis,

227 1969 315 2040 Nec,
339 1967 377 2027 de
401 1982 542 2043 corpore
564 1982 647 2045 quae
669 1971 780 2024 sancto
803 1960 972 2026 simulacra
993 1964 1140 2027 feruutur

227 2070 267 2131 ln
289 2065 422 2130 menteis
444 2062 607 2127 hominum
632 2061 757 2125 divinae
776 2062 885 2126 nuntia
902 2063 1047 2141 formae,

227 2168 398 2249 Suscipere
420 2169 499 2229 haec
522 2164 618 2226 animi
637 2163 810 2248 tranquilla
832 2186 912 2246 pace
932 2166 1066 2232 valebis.

289 2272 368 2332 Inde
391 2267 500 2332 videre
520 2266 612 2341 licet,
637 2265 739 2350 qualis
758 2264 820 2328 iam
842 2265 906 2330 vita
930 2282 1097 2355 sequatur;

226 2375 328 2454 Quam
348 2370 473 2456 quidem
492 2382 526 2432 ut
545 2392 562 2431 a
584 2366 679 2432 nobis
701 2367 786 2431 ratio
807 2368 981 2435 verissume
1002 2373 1100 2458 longe

224 2473 382 2548 Reiiciat‚
405 2492 596 2557 quamquam
617 2481 688 2532 sunt
710 2491 728 2532 a
751 2491 800 2533 me
822 2471 920 2535 multa
941 2475 1109 2555 prosecta,

226 2576 334 2639 Multa
357 2586 460 2637 tamen
483 2583 602 2636 restant
624 2583 655 2635 et
676 2583 748 2634 sunt
770 2576 911 2636 ornanda
932 2574 1044 2657 politis

217 2805 221 2812 ·
275 2784 317 2829 64.
338 2784 530 2828 mirerieC0dd.
546 2780 570 2826 3.
586 2784 666 2836 (etiam
681 2782 802 2835 C.)Brix.
816 2786 876 2829 Ver.
891 2787 951 2831 Ver.
965 2787 1008 2831 W.
1026 2793 1109 2833 contra
1122 2790 1167 2833 Cd.
1178 2790 1210 2835 E.
1253 2791 1299 2839 67.
1316 2796 1351 2838 lta
1381 2786 1382 2823 i

219 2856 295 2899 Godd.
310 2855 417 2910 plerique
430 2849 603 2910 (etiamC.E.)
616 2853 677 2896 Edd.
691 2853 796 2897 vettllv.
812 2878 843 2887 —
860 2860 911 2899 toto
923 2857 1064 2901 rationed.
1079 2858 1108 2902 L.
1126 2856 1149 2902 l.
1164 2859 1215 2904 Gis.
1239 2886 1277 2896 —
1297 2871 1352 2908 tora

219 2925 323 2984 regione
344 2923 373 2966 L.
395 2921 420 2966 2.
443 2923 473 2967 ll.
493 2945 526 2956 -·
545 2926 595 2964 loto
614 2935 630 2964 u
645 2922 743 2965 ratione
758 2928 784 2966 ut
802 2920 832 2978 5,
856 2921 898 2967 23.
920 2925 999 2970 Bentl.
1055 2925 1096 2975 69.
1123 2929 1240 2984 putando
1260 2933 1292 2978 L.
1317 2935 1349 2977 Η.

221 2992 262 3039 70.
283 2992 407 3037 delibroto
425 2992 465 3035 1...
510 2988 552 3036 71.
572 2989 676 3034 oberunt
688 2992 731 3036 W.
744 2992 807 3035 coni.
828 3016 861 3026 -
879 2992 1073 3040 oderuntCodd.
1088 2996 1129 3053 (C.
1145 2998 1187 3052 Ε.)
1201 3000 1270 3046 Edd.
1285 3008 1349 3046 vett.

216 3087 249 3097 ..
268 3062 377 3106 aderunt
394 3062 439 3105 Ar.
460 3061 490 3104 Η.
511 3059 634 3114 „oberrent
650 3060 668 3103 l.
687 3074 710 3105 e.
731 3061 761 3104 ob
781 3074 808 3105 os
828 3062 870 3106 tibi
890 3069 959 3108 erunt
977 3069 1001 3109 et
1021 3067 1245 3123 quasiuiinitantia
1265 3072 1351 3116 vultus

216 3147 333 3178 saetosa
352 3131 412 3175 caeli
431 3129 569 3188 regionibus
589 3131 739 3174 ostendent.”
763 3130 836 3175 Wali.
873 3132 987 3177 Ceterum
1006 3133 1115 3179 delibato
1134 3151 1182 3180 non
1201 3138 1349 3196 siguificat,

214 3208 240 3249 ut
258 3203 349 3256 putavit
366 3200 499 3244 Knebelius
516 3197 710 3258 (gascbmiilert)
729 3200 887 3255 ηιιιιιιιιιιιιιιιι,
908 3203 1030 3258 violata'',
1059 3207 1100 3248 sed
1119 3208 1248 3261 proprium
1269 3210 1351 3269 signi·

212 3270 309 3315 ficetum
328 3262 366 3314 bic
384 3283 477 3326 quoque
496 3270 596 3322 retinet,
622 3269 741 3322 „buusta,
767 3272 903 3324 decerpta.’'
958 3269 999 3317 73.
1030 3275 1125 3332 quietos
1146 3276 1177 3318 Α.
1197 3276 1226 3320 L.
1256 3278 1289 3323 ll.
1313 3303 1349 3312 —

212 3341 310 3398 quietus
327 3339 403 3382 Godd.
418 3338 479 3381 Edd.
494 3342 551 3381 vett.
565 3338 610 3381 Ar.
625 3339 666 3382 W.
678 3337 790 3391 Eichst.,
809 3341 850 3382 sed
866 3340 911 3384 cir.
925 3338 954 3394 5,
973 3340 1031 3388 169.
1088 3329 1129 3388 lb.
1142 3340 1277 3402 seruntur·
1297 3362 1348 3392 non

212 3414 250 3453 est
264 3409 340 3462 haec,
361 3411 387 3449 nt
404 3407 445 3450 W.
463 3406 620 3461 opinabatur,
639 3407 677 3450 Pii
696 3410 713 3454 i.
733 3423 755 3452 e.
773 3408 872 3452 Avarcii
888 3412 1036 3465 emendatio,
1057 3415 1098 3456 sed
1112 3414 1185 3457 lertio
1198 3415 1249 3461 Ed.
1270 3418 1347 3461 Brix.

211 3477 328 3533 (iusti.)
348 3489 418 3532 quiam
437 3476 595 3520 restituimus.
616 3499 649 3509 -
667 3479 727 3521 Ver.
746 3478 826 3523 Ven..
839 3475 945 3536 serunt,
968 3494 996 3523 ex
1020 3482 1153 3536 scripturae
1172 3488 1348 3540 compendio,

212 3549 275 3604 quod
294 3560 366 3603 quum
389 3550 467 3589 metro
493 3558 628 3603 repugnare
646 3546 769 3606 riderent,
798 3553 967 3601 perverterunt
989 3551 1013 3594 in
1030 3547 1140 3608 fuerunt
1158 3552 1188 3598 C.
1207 3554 1242 3597 E.
1267 3557 1350 3599 vind.

210 3618 252 3659 W.
260 3615 352 3659 Eichst.
373 3616 419 3659 Sed
427 3611 552 3672 seruntur
563 3614 622 3658 satis
635 3615 768 3659 defenditur
781 3620 805 3659 et
816 3616 922 3662 Lucretii
936 3633 1003 3664 more
1016 3616 1051 3679 (l,
1064 3618 1122 3674 177,
1138 3617 1198 3675 240,
1211 3620 1269 3666 328
1282 3627 1350 3678 cet.)

209 3691 234 3730 et
246 3688 372 3728 subiuncto
385 3685 412 3727 in
422 3685 541 3739 enenteir,
562 3685 586 3727 in
600 3697 661 3740 quo,
681 3687 757 3728 alteru
767 3685 868 3731 lectione
881 3693 990 3742 recepta,
1004 3690 1093 3733 misere
1109 3703 1162 3735 sese
1179 3696 1288 3750 torquet
1299 3695 1349 3738 W.

209 3754 251 3798 81.
268 3750 386 3811 prosecta
404 3766 457 3797 cum
470 3753 530 3797 Cdd.
551 3751 636 3809 (etiam
645 3754 674 3797 C.
687 3754 730 3808 Ε.)
749 3754 791 3797 W.
813 3779 844 3788 -
859 3754 964 3813 prosola
982 3759 1010 3801 de
1028 3759 1111 3801 Aurati
1130 3761 1195 3804 coni.
1214 3761 1251 3805 L.
1278 3763 1348 3807 Har.

208 3821 250 3868 83.
271 3824 306 3866 lta
319 3836 372 3866 cum
390 3823 443 3866 aliis
456 3822 516 3866 Cdd.
531 3824 602 3866 etiarn
614 3836 681 3866 rneus
694 3823 724 3867 C.
752 3824 798 3867 Sed
811 3823 871 3868 Edd.
887 3829 942 3869 vett.
954 3826 999 3870 Ar.
1010 3827 1039 3871 L.
1052 3828 1082 3871 Η.
1102 3830 1169 3872 ratio
1188 3832 1263 3875 coeli
1283 3845 1348 3889 epa-

207 3894 307 3951 cieaque
325 3891 442 3940 tenendo.
471 3891 537 3935 Unde
557 3892 615 3934 baec
640 3892 765 3936 diversitas
784 3895 890 3947 venerit,
919 3900 984 3949 patet
1002 3912 1014 3941 e
1034 3897 1139 3950 (ΜΕ,
1168 3899 1208 3954 qui
1233 3913 1347 3946 inance:
1380 3942 1381 3949 ,

206 3962 272 4006 rotie
291 3962 403 4019 coelique
427 3958 542 4004 tenendo.
573 3960 713 4006 Huiusmodi
733 3963 850 4006 delectum
870 3966 1039 4018 suppleverunt
1056 3967 1149 4010 intruso
1168 3981 1191 4011 v.
1211 3971 1347 4026 speeies,

205 4032 291 4089 quibus
313 4033 390 4075 aditus
409 4032 437 4074 ad
458 4030 601 4087 integriores
621 4029 697 4074 libros
715 4045 772 4085 eos,
794 4034 833 4088 qui
852 4030 971 4088 ruperdm
989 4042 1132 4090 servarunt,
1152 4050 1201 4080 non
1222 4039 1348 4093 patebat.

203 4121 237 4134 ·-
249 4114 343 4158 supero
357 4105 436 4144 autem
450 4100 474 4144 b.
486 4101 502 4143 l.
517 4112 557 4142 res
570 4113 688 4153 superae,
703 4102 833 4146 caelestes:
849 4107 874 4145 ut
887 4103 939 4146 Cic.
954 4102 984 4148 N.
998 4106 1028 4149 D.
1044 4102 1058 4147 2
1067 4137 1074 4159 ‚
1090 4102 1114 4149 6.
1134 4107 1223 4149 ornniu
1238 4121 1351 4165 rupero

204 4171 388 4214 eaeemelioro.
444 4167 486 4213 85.
507 4181 615 4226 quaeque
628 4167 657 4213 1..
672 4168 702 4211 Η.
758 4166 800 4214 87.
819 4172 972 4227 (provenerit
988 4175 1031 4218 W.
1050 4173 1127 4230 coni.)
1184 4172 1229 4220 92.
1254 4179 1351 4224 culcis

202 4238 331 4298 Egregium
350 4240 411 4285 hanc
431 4237 538 4283 Turnebi
556 4238 620 4282 rodi.
635 4250 687 4281 curn
703 4236 732 4280 L.
746 4238 777 4282 ll.
790 4240 935 4295 recepimus.
952 4243 1029 4288 Godd.
1048 4245 1140 4299 cuncti,
1160 4247 1241 4290 etiam
1260 4232 1303 4292 C.
1315 4248 1349 4292 Ε.
