2736 4748
38 339 254 419 Sedaruntque
276 333 358 397 sitim
381 333 484 416 poclis
506 333 869 413 Heliconidos'riudae„

94 439 221 521 Ungula
245 459 337 520 quiam
359 436 440 499 fodit
463 439 541 498 dura
564 436 684 499 velocis
706 439 792 521 eqtri.

37 539 123 602 Unde
143 551 234 601 satur
254 540 469 619 superquoe
493 558 593 618 genias
615 536 763 621 ruinisque
785 539 911 601 labores

92 640 270 724 Priscaque
292 637 462 702 semidedm
484 638 582 702 fortia
604 638 688 702 l'acta
709 639 809 703 canis.

561 822 613 886 16.

38 945 136 1008 Ascra
157 943 252 1007 ferax
276 940 408 1006 Cereris
429 940 532 1023 patria
555 952 622 1016 est,
646 963 730 1004 niuno
750 942 892 1024 possidet
914 964 1004 1017 ossa,

93 1048 218 1109 Rector
240 1043 313 1129 equi
334 1045 463 1122 Minyes
482 1043 536 1106 cui
557 1042 738 1107 dominatur
759 1046 891 1119 humus,

36 1146 183 1221 Hesiodi,
209 1145 297 1208 cuius
320 1144 526 1207 celeberrima
549 1145 654 1228 gloria
678 1145 776 1207 vincit

91 1246 230 1311 Nomina
253 1246 416 1310 doctrinae
437 1247 528 1309 lance
550 1249 687 1328 probata
711 1249 827 1308 virtlm.

561 1432 615 1492 17.

34 1549 168 1613 Hesiodi
187 1570 306 1631 corpus
328 1548 428 1612 silvae
451 1550 511 1611 sub
534 1547 696 1611 Loci-idos
717 1551 829 1611 umbra

90 1653 259 1712 Lavenunt
281 1652 448 1731 Nymphae
472 1651 561 1712 lonte
583 1650 701 1712 nitente
724 1672 803 1725 suo,

32 1752 73 1812 Et
96 1754 247 1812 tumulum
270 1752 376 1813 iecere
399 1771 515 1831 super,
540 1772 632 1832 quem
655 1752 736 1814 lacte
759 1753 905 1835 rigarunt

90 1854 263 1926 Pastores,
289 1872 446 1913 memores
467 1853 583 1914 addere
605 1863 717 1913 nectar
739 1855 819 1935 apis.

31 1951 168 2014 Fuderat
190 1953 238 2013 his
260 1955 357 2014 rebus
380 1951 496 2015 similes
519 1954 593 2036 quia
615 1966 748 2034 pectore
771 1975 892 2029 voces,

87 2052 251 2115 Aonidum
273 2074 358 2134 puro
380 2065 476 2136 potus
500 2055 539 2116 ab
562 2073 650 2116 amne
673 2075 782 2116 senex.

563 2238 616 2300 18.

28 2353 174 2418 Carmina
199 2354 378 2418 Pindaricis
400 2356 514 2418 fidibus
537 2356 703 2430 sublimia,
728 2357 829 2419 dulcis

87 2460 142 2519 Nil
166 2457 226 2519 nisi
249 2459 309 2519 mel
331 2458 456 2520 redolet
478 2479 565 2518 missa
589 2457 785 2520 Simoniden.

27 2557 227 2620 Stesichorus
249 2558 370 2640 fulget,
395 2560 451 2620 sed
473 2579 532 2619 nec
553 2556 657 2618 minor
679 2558 816 2635 Ibycus:
841 2558 977 2620 Alcman

88 2662 194 2721 Suave
218 2659 323 2734 canit,
348 2673 490 2721 tenerum
512 2658 629 2740 pagina
653 2656 879 2737 Bacchylidae.

25 2760 162 2822 Blandus
186 2744 387 2836 Anacreion,
412 2761 550 2822 Alcaeus
572 2757 678 2820 flexile
701 2757 809 2840 lingua

87 2861 225 2923 Aeolide
248 2871 282 2922 ut
303 2859 404 2923 Lesbi
425 2857 565 2921 concinit
586 2859 676 2920 albus
699 2859 786 2922 olor.

26 2963 103 3026 Nou
127 2966 222 3024 debet
245 2963 377 3041 Sappho
399 2959 559 3022 numerari
581 2981 663 3022 nona
686 2948 842 3036 virorum,

85 3063 199 3128 Pierio
221 3061 373 3124 decimam
394 3063 450 3123 sed
471 3060 548 3124 lacit
569 3059 623 3123 illa
651 3062 767 3124 choro.

641 3224 646 3253 ,
690 3231 693 3238 .

561 3243 615 3309 19.

19 3365 101 3428 Sunt
122 3361 216 3426 etiarn
239 3363 368 3439 doctae,
392 3359 558 3427 muliebria
580 3361 729 3439 nomina,
774 3372 881 3440 vates,

98 3466 187 3546 Quas
208 3463 346 3528 Helicon
367 3462 445 3526 aluit
464 3462 669 3548 Pisciumque
692 3464 815 3548 iugum.

196 3659 288 3705 Notcilt
304 3674 332 3706 oe
349 3675 422 3718 rupes
439 3661 536 3708 Pieriae
555 3661 691 3709 Macetdm:
713 3653 716 3659 ¹

160 3729 293 3776 Praxillam
312 3730 430 3788 Myroqoe
448 3731 589 3789 Anytenqus
608 3737 632 3781 st
651 3731 756 3779 Lesbida
774 3732 890 3790 Sappho,

189 3798 295 3853 (Sappho
312 3799 410 3843 feminei
429 3800 573 3848 Maeoniden
591 3799 700 3860 generis)
815 3807 816 3810 ’

157 3865 275 3911 Erinnam
293 3871 318 3911 et
335 3868 427 3912 claram
444 3869 585 3914 Telesillam
604 3874 689 3929 teque,
711 3867 835 3924 Corinna,

195 3935 259 3977 Ausa
278 3941 393 3993 estquis
412 3941 505 3983 scotum
523 3939 632 3985 scribere
650 3938 803 3984 Palladium:
828 3941 830 3946 '

145 4002 262 4048 ‘Nossida
281 4006 461 4062 suaviloquam‚
482 4008 575 4051 mellito
594 4012 618 4051 et
634 4012 731 4066 gutture
749 4007 858 4063 Murrio,

195 4070 285 4116 Omnes
303 4074 395 4118 aeterni
413 4076 527 4119 carmiuls
545 4075 660 4121 artifices.

158 4139 231 4186 Astra
252 4154 337 4186 uorem
356 4143 439 4186 Musas
458 4144 604 4201 totidemque
622 4146 665 4190 has
685 4145 769 4191 Terra
786 4144 895 4201 creauit,

193 4209 339 4266 Perpetuam
357 4212 461 4259 humano
480 4212 598 4258 laetitiam
613 4215 709 4274 generi.
