2772 4750
33 369 75 431 Et
97 379 165 432 tum
188 367 320 431 mirifice
343 356 495 450 sperabat
516 389 550 431 se
572 390 640 433 esse
663 356 821 444 locutum,
847 383 854 392 “

94 471 202 550 Quom
225 481 377 553 quantum
399 460 529 550 poterat
550 472 673 534 dixerat
696 471 858 534 hinsidias.

32 570 161 647 Credo,
185 568 231 634 sic
253 585 371 647 mater,
396 568 443 634 sic
465 571 567 635 Liber
589 573 762 635 avunculus
784 571 872 647 eius,

95 672 150 736 Sic
173 656 435 738 matera-userius
458 673 582 735 dixerat
604 667 699 756 atque
721 673 804 737 avia.

31 776 109 838 Hoc
131 774 226 838 misso
249 775 280 837 in
305 774 429 854 Syriam
450 775 801 857 requierant'omnibus
827 795 938 838 aures:
969 807 972 810 ⁴

94 874 261 939 Audibaut
285 879 392 938 eadem
414 877 494 941 haec
514 876 628 942 leuiter
650 889 682 940 et
699 876 817 940 leviter
970 957 972 961 .

30 976 103 1038 Nec
124 975 184 1038 sibi
206 976 332 1057 postilla
357 979 536 1043 metuebant
558 976 632 1042 talia
655 981 769 1054 verba,
880 985 883 991 '

96 1078 202 1157 Quom
224 1076 332 1141 subito
354 1071 488 1140 affertur
510 1078 636 1141 nrrutius
658 1078 843 1155 horribilis,
899 1155 902 1161 ,
965 1158 967 1163 ι

32 1179 143 1244 Ionios
164 1180 296 1255 fluctus,
321 1189 491 1262 postquam
513 1179 587 1242 illuc
608 1178 725 1242 Arrius
745 1180 843 1257 isset,

95 1282 162 1343 laur
176 1302 250 1347 ,nou
272 1281 384 1343 Ionios
407 1298 490 1357 esse,
513 1266 573 1344 ¹sed
595 1276 748 1346 Hionios.

510 1411 558 1473 V·
589 1385 690 1490 (lc).

30 1528 67 1592 Si
89 1528 255 1614 quicquam
278 1529 374 1595 mutis
396 1542 520 1614 gratum
545 1542 750 1612 acceptumve
771 1528 927 1614 sepulcris
1005 1582 1008 1587 -

96 1631 254 1694 Accidere
277 1652 294 1693 a
317 1620 450 1707 nostro,
477 1630 594 1708 Calue,
609 1634 732 1701 dolore
754 1640 882 1719 potest,

29 1733 108 1813 Quo
131 1731 288 1795 desiderio
312 1743 438 1794 veteres
458 1751 649 1811 renovamus
671 1754 795 1796 amores

95 1842 204 1918 Atque
227 1833 302 1897 olim
325 1833 434 1896 missas
456 1834 568 1920 flemus
591 1834 760 1911 amicitias,
830 1850 833 1857 ’

30 1933 132 2000 Certe
155 1957 219 1998 nou
242 1946 329 1998 tauto
353 1956 438 1999 mors
460 1935 627 1998 immatura
649 1935 755 2003 dolori
777 1948 824 2002 est

98 2037 289 2116 Quintiliae,
313 2049 461 2118 quantum
486 2039 605 2124 gaudet
627 2058 736 2106 amore
761 2050 831 2103 tuo·
930 2088 934 2093 1

478 2166 557 2249 illl.
589 2166 692 2246 (101.)

27 2267 155 2330 Multas
177 2289 237 2350 per
259 2278 372 2355 gentes
393 2279 423 2331 et
446 2270 542 2331 multa
563 2289 622 2350 per
644 2288 786 2351 aequora
810 2277 919 2330 vectu·

97 2371 246 2433 Advenio
268 2372 325 2433 has
347 2371 495 2445 miseras,
516 2369 637 2445 irater,
661 2369 876 2444 adinferias,

30 2471 82 2539 Ut
103 2481 135 2533 te
155 2482 321 2552 postremo
344 2473 494 2541 donarem
518 2491 645 2533 munere
668 2469 780 2535 mortis

97 2575 141 2635 Et
164 2586 277 2635 inritam
299 2573 509 2657 nequidquam
533 2573 714 2655 alloquerer
736 2570 911 2645 cinerem,-

25 2675 296 2757 eraodoquidcm
319 2675 450 2738 iortuoa
472 2673 548 2736 mihi
569 2684 635 2737 tete
657 2674 786 2737 abstulit
808 2673 933 2754 ipsum,
994 2677 997 2682 ’
1038 2722 1039 2725 ,

97 2778 171 2840 Heu
194 2774 288 2847 miser
310 2775 440 2861 indigne
461 2777 563 2859 frater
585 2778 731 2856 adempte
753 2774 844 2836 mihil

24 2880 128 2941 etune
149 2889 254 2939 tamen
275 2878 419 2954 interea,
442 2876 552 2959 prisco
575 2888 656 2960 quae
677 2894 767 2939 more
788 2885 973 2956 parentum·

98 2978 231 3041 Tradita
254 2990 327 3041 stunt
347 2978 447 3044 tristis
470 2990 603 3065 meruere
623 2980 662 3040 ad
682 2976 834 3050 inferias,
1005 2976 1007 2979 ’

22 3080 155 3160 Accipe
177 3081 320 3142 fraterno
342 3081 471 3142 multum
494 3079 650 3142 manantia
674 3079 750 3140 lietu
781 3138 790 3151 x
870 3138 872 3141 ,
990 3148 992 3152 Α

23 3205 29 3213 ·
96 3183 205 3265 Atque
226 3178 491 3261 inperpetuum,
515 3181 635 3256 frater,
661 3201 720 3243 ave
744 3173 839 3262 atque
861 3174 945 3241 valo.
992 3211 994 3219 >

494 3302 579 3365 v11.
601 3300 684 3380 (22.)

333 3470 334 3477 ,
454 3408 519 3471 AD
542 3406 729 3470 VARUM.

94 3494 344 3587 Suffeuus'iate,
369 3504 477 3585 Vare,
503 3529 596 3592 quem
619 3509 722 3590 probe
743 3503 868 3579 nosti,-

18 3616 145 3679 Homo
168 3625 216 3675 est
238 3623 388 3675 venustus
411 3622 444 3674 et
465 3612 556 3673 dicax
579 3610 790 3679 clotharius,

17 3719 188 3798 Idemque
210 3715 308 3797 longe
330 3714 484 3794 plurimos
506 3711 582 3774 facit
605 3730 729 3772 versus.

18 3819 119 3891 Puto
142 3836 219 3878 essc-
236 3835 301 3893 ego
322 3812 371 3877 illi
393 3813 479 3877 milia
501 3824 553 3886 arrt
575 3815 682 3874 decem
705 3818 759 3870 aut
780 3809 873 3886 plura

18 3915 241 3997 Perscripta:
266 3935 325 3977 nce
347 3916 410 3988 sic,
434 3927 468 3978 ut
490 3915 544 3988 fit,
565 3912 597 3974 iu
618 3911 825 3992 palimpsesto

18 4020 168 4090 Relata3
191 4019 319 4080 chartae
342 4016 470 4100 regiae,
495 4015 572 4078 novi
593 4012 689 4086 libri,
780 4078 782 4083 ,
869 4010 871 4017 ’

17 4123 120 4185 Novi
143 4116 303 4193 umbilici,
326 4121 397 4183 lora
418 4121 534 4192 rubra,
557 4118 743 4179 membrana
782 4144 785 4150 Δ
867 4131 869 4135 ·

13 4222 164 4286 Directa
187 4222 319 4301 plumbo
342 4231 373 4281 et
394 4219 519 4301 pumice
541 4217 645 4283 omnia
668 4226 826 4298 aequata,¹

60 4322 165 4377 Eclogae
179 4319 222 4361 Lae
232 4321 289 4384 Pott.
772 4368 774 4373 X
878 4311 897 4380 9
