2736 4748
210 163 276 228 260
1046 226 1053 234 ,

440 321 504 386 Vl.
537 316 682 383 -Lmitii
726 315 877 395 (Antion
898 317 944 381 L.
968 316 1001 381 3.
1026 316 1116 392 108.)

255 445 391 525 Virtus,
415 446 552 523 Albine,
576 458 624 510 est
645 445 783 528 pretium
805 445 995 527 persolvere
1018 467 1151 522 verrem,

215 552 314 633 Queis
335 551 367 612 in
390 570 573 624 versamur,
599 548 689 630 queis
712 548 864 623 vivimu',
888 547 980 609 reisu'
1002 558 1147 628 potesse:

213 654 329 718 Virtus
352 662 402 714 est
422 646 543 712 homini
565 649 648 712 seire
669 650 721 725 id,
746 651 833 732 quod
855 669 1003 732 quemque
1024 641 1137 711 hebeat
1159 670 1221 713 res.

213 753 331 817 Virtus
352 752 436 814 seire
457 750 578 814 homini
597 762 740 828 rectum,
764 750 860 826 utile,
884 750 960 832 quid
982 748 1024 811 sit
1046 751 1228 813 honestum:

214 855 307 936 Qtiae
340 856 447 930 bons,
485 873 566 938 quae
598 851 699 928 mala,
737 851 812 923 item
845 851 921 934 quid
953 850 1085 926 inutile,
1123 862 1233 935 turpe,

851 960 853 964 ‘
872 953 1115 1038 inhonestum:
1298 952 1314 1014 5

212 1058 329 1122 Virtus
353 1057 550 1140 quaerendae
571 1054 666 1118 iinem
685 1053 736 1117 rei
757 1053 840 1119 seire
862 1056 1080 1138 modumque:

212 1160 329 1223 Virtus
351 1156 467 1220 divitiis
488 1154 625 1239 pretium
647 1155 837 1238 persolvere
858 1177 967 1237 posse.

212 1260 330 1324 Virtus
351 1259 383 1321 id
404 1261 499 1334 dare,
523 1259 611 1342 quod
632 1256 737 1339 reipsa
759 1259 894 1320 debetur
916 1256 1058 1332 honori,
1103 1258 1107 1265 ’

212 1362 351 1425 Hostem
367 1381 436 1423 esse
451 1371 545 1441 atque
560 1357 719 1420 inimicum
734 1359 895 1423 hominum
912 1380 1101 1442 morumque
1117 1361 1279 1423 malorum:

214 1463 357 1536 Contra,
381 1461 582 1524 defensorem
604 1460 766 1524 hominum
788 1481 977 1544 morumque
1001 1464 1160 1524 bonorum
1175 1460 1207 1536 ;'.
1279 1463 1314 1521 10

213 1561 430 1644 Magnificam
450 1563 529 1636 hos,
554 1561 602 1623 his
624 1564 704 1623 beue
727 1561 827 1638 veile,
852 1561 900 1623 his
923 1562 1033 1624 vivere
1057 1562 1226 1637 amicum3·

150 1680 152 1683 ·
213 1663 394 1726 Commoda
416 1672 586 1743 praeterea
609 1661 722 1743 patrini
744 1662 847 1744 prima
869 1673 1001 1744 pestere,
1044 1696 1047 1699 ·

212 1763 338 1829 Deinde
359 1774 548 1846 parentum,
573 1763 666 1851 tertia
688 1762 749 1825 ism
771 1774 998 1849 postremaque
1019 1776 1143 1828 nostra.

288 1930 387 1996 Vll.
405 1926 569 2035 Ciaudiae
590 1927 829 2011 Epitaphium.
865 1927 1019 2007 (AuthoI.
1042 1897 1087 1993 i..
1111 1930 1143 1991 4.
1168 1930 1251 2004 itt.)

254 2059 405 2140 Hospes,
429 2061 518 2141 quod
540 2058 651 2133 deico,
675 2057 816 2139 paullum
838 2067 905 2132 est;
929 2068 1012 2133 asta,
1036 2078 1074 2118 ae
1095 2059 1236 2141 pelleget
1291 2064 1295 2067 ’

211 2157 297 2221 Heio
318 2170 365 2221 est
387 2159 567 2241 sepulerum
589 2160 671 2222 hau!
695 2159 841 2240 pulcrum
863 2157 989 2240 pnierai
1010 2157 1160 2222 feminae.

210 2261 337 2324 Nomen
359 2273 507 2341 parentes
530 2259 732 2322 nominarunt
756 2258 942 2336 Claudiam,

213 2361 312 2423 Suom
336 2360 502 2423 mareitum
525 2364 624 2423 eorde
646 2360 777 2423 deilexit
798 2380 895 2424 sono.

211 2461 338 2524 Gnatos
361 2464 443 2524 ditos
465 2460 607 2536 creavit,
632 2460 766 2524 horune’
789 2461 923 2525 aiterum

214 2561 254 2623 Iu
277 2572 363 2624 terra
385 2562 517 2645 linquit,
542 2562 637 2624 alium
660 2564 720 2624 sub
743 2563 959 2629 terminent:

212 2662 368 2725 Sermone
391 2662 517 2743 lepido,
540 2674 606 2725 tum
629 2675 734 2727 autem
755 2663 882 2728 incessu
903 2666 1093 2730 commodos

209 2762 351 2829 Domum
373 2763 535 2840 servavit,
559 2764 662 2827 lanam
684 2763 775 2830 ferit.
817 2764 915 2843 Dixi,
940 2766 1024 2830 abei.

220 2972 224 2977 -
325 2930 427 2996 Vm.
460 2931 501 3017 o.
522 2929 605 2996 iaus
625 2928 800 2995 eniam.
834 2931 984 3011 (Animi
1008 2934 1051 2995 1..
1075 2932 1107 2995 r.
1132 2904 1220 3008 ru.)

254 3054 308 3116 Tu
331 3074 476 3137 quoque,
502 3064 536 3117 tu
557 3052 589 3116 iu
611 3053 757 3131 summis,
782 3074 803 3119 o
825 3055 984 3119 dimidiato
1007 3057 1211 3134 Menander,
1316 3071 1319 3077 ’

211 3153 370 3230 Poneris,
395 3166 427 3217 et
449 3155 584 3231 merito,
608 3155 681 3238 puri
702 3157 859 3221 sermonis
882 3169 1019 3221 amator.

209 3255 356 3319 Lenibus
378 3267 474 3340 atque
496 3257 614 3319 utinam
637 3256 764 3339 scriptis
786 3257 953 3322 coniuncta
975 3259 1062 3325 soret
1083 3257 1152 3337 vis,
1174 3270 1177 3277 ’

212 3354 346 3421 Comiea
367 3367 402 3418 ut
424 3369 560 3439 aequato
581 3358 685 3421 'virtus
706 3358 848 3440 polleret
870 3361 992 3423 honore

212 3455 297 3521 Cum
320 3457 452 3521 Graecis
474 3479 577 3543 neque
599 3459 710 3522 in‘hae
728 3463 898 3542 despectus
920 3473 1014 3543 parte
1035 3460 1183 3527 iaceres.
1222 3496 1225 3504 1
1298 3456 1314 3520 5

210 3559 318 3625 Unum
339 3560 404 3624 hoe
424 3579 570 3624 maceror
592 3573 623 3624 et
645 3562 741 3626 doleo
762 3561 820 3625 tibi
842 3564 949 3639 desse,
973 3563 1120 3628 Terenti.

280 3776 324 3821 vt.
355 3772 380 3821 1.
407 3774 507 3837 Albine]
526 3778 578 3834 ἂρ.
603 3780 743 3825 Postumius
765 3779 866 3825 Albinus
889 3782 973 3826 consui
991 3795 1015 3826 ι.
1035 3795 1060 3843 n.
1080 3794 1102 3826 e.
1123 3778 1184 3827 ⁶05.
1220 3781 1313 3838 12.pa·
1344 3816 1345 3819 η

210 3842 276 3891 trioi'
294 3843 391 3904 prima]
418 3846 458 3891 Sic
481 3847 517 3891 io.
537 3849 611 3893 Miris.
632 3850 794 3903 Heusingerus
812 3850 836 3893 in
854 3850 907 3894 Art.
928 3851 984 3894 Soc.
1004 3849 1058 3897 Lat.
1080 3851 1130 3895 ion.
1153 3850 1177 3894 1.
1198 3864 1222 3904 p.
1243 3850 1279 3896 65.
1295 3853 1313 3892 et

209 3916 294 3961 Burin.
314 3927 327 3959 e
350 3914 412 3959 coo.
438 3913 510 3959 Goth.
532 3920 555 3958 ei
573 3916 617 3959 Ed.
637 3918 769 3973 Rostoeh.,
797 3920 821 3962 in
845 3918 931 3976 quibus
949 3924 987 3963 est
999 3919 1102 3977 patrios
1117 3919 1214 3975 primo.
1249 3920 1313 3974 Volgo

89 4010 95 4020 ,
208 3984 310 4041 patrios
328 3982 379 4025 sibi
391 3981 487 4037 primo.
532 3983 589 4024 vti.
608 3984 653 4026 Est
670 3987 743 4028 secuti
762 3988 823 4030 sexti
843 3993 897 4042 post
915 4002 939 4030 n.
959 4001 981 4032 c.
1017 3988 1087 4031 viti.
1108 3985 1133 4032 3.
1153 3988 1210 4043 eis,
1229 3985 1314 4032 Ciuica

210 4052 291 4095 sirius
318 4061 348 4091 ex
370 4046 455 4090 Wolfii
478 4051 502 4089 et
518 4048 637 4091 viscontii
655 4050 817 4098 distinetione.
844 4056 881 4099 eis
899 4053 1017 4109 Cornicis,
1042 4057 1123 4100 eitius
1141 4056 1247 4114 Bnrm.;
1265 4055 1313 4098 unis

211 4114 404 4158 celebratissima
422 4113 464 4154 itta
481 4113 519 4154 oie
536 4113 633 4154 comica
650 4115 741 4160 Latinis
759 4120 840 4174 ignoti
866 4124 935 4168 duxit
951 4124 976 4168 in
994 4128 1079 4173 nostre
1094 4125 1247 4171 Aesthetiees
1262 4135 1315 4168 eou-

211 4181 307 4235 pendis.
344 4178 397 4222 Cir.
417 4177 532 4233 Meinekii
548 4175 670 4225 Msuond.
689 4195 713 4236 p.
731 4183 855 4234 xxxvl.
