2762 4760
54 314 272 381 Praeteritum
291 312 446 397 spatium,
466 323 535 376 tum
557 324 664 380 motus
681 313 829 379 materiai

55 415 269 481 Multimodei
290 438 385 502 qnam
405 415 487 492 sint3
508 416 606 481 facile
628 418 693 483 hoc
715 421 889 483 accredere
910 419 1018 504 possis

54 518 185 582 Semina
202 539 298 602 saepe
318 517 353 581 in
370 521 500 594 eodem,
524 530 559 583 ut
579 540 663 582 nunc
680 531 768 597 sunt,
792 519 906 586 ordine
925 533 1041 606 posta:
1114 525 1179 591 870

50 622 124 684 Nec
146 619 284 684 memori
303 631 408 683 tamen
426 620 462 684 id
481 620 609 704 quimus
627 623 864 705 reprehendere
885 635 1007 701 mente3

48 722 143 786 Inter
165 722 249 786 enim
266 722 381 786 iectast
403 721 480 785 vitai
499 744 599 804 pausa
621 744 767 809 vageque

47 825 238 888 Ddrrarunt
259 822 376 906 passim
398 833 505 888 motus
527 827 568 886 ab
588 824 732 889 sensibus
755 847 878 892 omnes.

47 924 160 986 Debet
178 923 283 998 enim,
304 924 420 988 misere
440 935 488 989 est
510 924 589 1010 quoi
610 925 699 990 sorte
720 949 883 1014 aegreque
904 930 1063 1011 futurum,

48 1025 127 1106 Ipse
147 1027 278 1109 quoque
292 1044 361 1088 esse
382 1022 415 1088 in
430 1045 470 1089 eo
484 1035 552 1086 tum
565 1034 731 1107 tempore,
755 1048 855 1112 quom
878 1032 961 1091 male
978 1032 1082 1112 possit
1113 1033 1176 1099 875

47 1124 234 1189 Acciderer
258 1124 293 1189 id
313 1124 464 1211 quoniam
485 1147 574 1190 mors
590 1125 704 1189 eximit
725 1149 858 1215 esseque
878 1128 1035 1213 prohibet

48 1226 180 1304 Ollum,
204 1226 284 1313 quoi
302 1227 428 1309 possint
449 1227 656 1293 incommoda
679 1229 867 1307 conciliari,

47 1331 145 1392 Haec
163 1332 294 1404 eadem,
316 1328 435 1412 quibus
455 1350 473 1392 e
493 1350 579 1393 nunc
599 1351 659 1395 nos
677 1353 803 1408 sumus,
826 1344 897 1398 ante
919 1333 1033 1412 fuisse,

47 1429 145 1493 Scire
165 1429 242 1495 licet
265 1429 360 1494 nohis
382 1428 428 1492 nil
449 1452 517 1494 esse
541 1431 574 1492 in
596 1443 700 1497 morte
725 1433 917 1500 timendum:

45 1534 122 1595 Nec
145 1530 295 1595 miserum
314 1531 403 1607 heri,
427 1531 566 1616 quinon
584 1545 646 1611 est,
669 1556 784 1618 posse3
808 1558 911 1622 neque
930 1538 1032 1604 hilum
1111 1541 1174 1605 880

45 1633 212 1711 Differre,
232 1655 271 1696 an
289 1633 378 1698 nullo
401 1634 500 1698 suerit
519 1633 581 1697 ianr
599 1646 748 1716 tempore
767 1647 878 1712 natus;

45 1736 231 1801 Mortalem
256 1734 352 1798 vitam
370 1756 460 1799 mors
482 1758 582 1822 quom
601 1736 794 1800 immortalis
816 1738 945 1804 ademit.

113 1836 278 1913 Proinde,
300 1836 356 1900 ubi
376 1858 411 1901 se
433 1837 543 1901 videas
563 1837 724 1902 hominem
742 1838 943 1924 indignarier
964 1840 1086 1926 ipsum,

22 1946 26 1951 ’
43 1940 133 2004 Post
151 1949 289 2003 mortem
306 1939 398 2015 sore,
423 1949 459 2002 ut
479 1950 533 2002 aut
556 1950 702 2020 putescat
723 1962 865 2024 corpore
887 1954 985 2024 posto

45 2043 118 2105 Aut
139 2038 274 2103 flammis
293 2039 433 2104 interfiat
457 2039 589 2104 malisve
606 2041 766 2118 ferarum3
895 2094 905 2107 .
1106 2047 1168 2112 885

43 2141 142 2206 Scire
160 2141 237 2206 licet
256 2162 321 2206 non
339 2140 500 2205 sincerum
520 2163 637 2207 sonere
658 2152 753 2228 atque
775 2146 904 2210 subesse

42 2243 192 2309 Caecum
213 2242 350 2328 aliquem
371 2241 466 2307 cordi
486 2241 665 2319 stimulum
688 2245 834 2329 quamvis
855 2259 951 2332 neget
972 2248 1042 2332 ipse

43 2345 195 2411 Credere
214 2366 249 2408 se
271 2365 461 2430 quemqnam
479 2343 543 2408 sibi
564 2365 689 2407 sensum
711 2342 745 2407 in
766 2357 870 2411 morte
890 2348 1047 2414 futurum.

42 2449 144 2523 Non,
168 2457 203 2510 ut
224 2445 362 2529 opinor,
384 2445 467 2510 enim
492 2438 563 2523 dai,
588 2449 679 2531 qnod
696 2445 860 2529 promittit
878 2460 910 2513 et
931 2454 1031 2530 unde,

40 2551 120 2614 Nec
139 2546 293 2612 radicitus
311 2570 330 2612 e
349 2546 418 2611 vita
438 2569 472 2612 se
491 2547 579 2613 tollit
600 2557 632 2610 et
656 2546 752 2624 eicit,
772 2544 775 2548 ’
1107 2557 1170 2621 890

38 2758 202 2804 manifestum
226 2762 263 2803 est
285 2770 419 2814 pronomen
442 2770 561 2812 personae
585 2757 624 2802 hic
641 2757 727 2812 ialsqm
745 2758 836 2804 inferre
855 2761 1008 2806 sententiam.
1062 2761 1123 2810 876.
1142 2765 1170 2811 td

38 2829 124 2874 0088.
137 2840 232 2875 omnes.
243 2826 304 2871 Edd.
317 2831 375 2872 vett.
387 2827 424 2871 lb.
443 2840 547 2886 esseque
559 2823 678 2885 prohibet
693 2827 769 2871 0088.
781 2826 823 2883 2.,
837 2842 908 2887 quarn
924 2831 1084 2888 synaloephen
1097 2848 1170 2892 quum

38 2897 142 2943 librarii
161 2910 211 2940 non
229 2900 421 2953 concoquereut,
441 2896 518 2941 0088.
533 2893 559 2941 4.
575 2893 611 2952 (et
621 2895 663 2951 0.)
675 2897 743 2941 Brix.
763 2911 820 2942 eree
835 2897 940 2957 prohibe
957 2902 1016 2945 Ver.
1042 2916 1099 2947 eree
1109 2917 1168 2961 pro·

36 2964 99 3010 hibe
113 2963 175 3010 inde
187 2968 250 3010 Ven.
269 2978 327 3010 esee
340 2964 399 3010 inde
408 2966 455 3009 hv.
474 2978 531 3009 eres
539 2964 646 3022 perinde
656 2966 687 3010 0.
707 2979 764 3010 eece
773 2970 886 3023 procliue
899 2967 937 3016 sl.
957 2983 1012 3014 eese
1021 2971 1167 3027 proborum.

37 3036 184 3095 Naugerius
193 3036 217 3080 iu
226 3035 282 3080 Ate.
302 3041 329 3079 ut
346 3035 464 3093 quonium
482 3048 552 3079 more
568 3036 660 3080 eximit
676 3035 705 3080 id
713 3033 891 3095 prohibetque,
911 3039 971 3083 unde
985 3041 1079 3084 tandein
1091 3054 1169 3085 emer·

37 3107 72 3151 sit
94 3104 186 3150 Lamb.
212 3105 281 3158 (liar.
300 3104 360 3158 rel.)
375 3109 556 3149 commentum:
576 3111 603 3148 ut
619 3120 643 3164 q.
663 3118 698 3148 m.
716 3120 740 3149 e.
759 3106 795 3149 im
807 3104 986 3165 prohibetque,
1006 3121 1036 3151 ex
1054 3109 1165 3156 Meerob.

35 3177 93 3220 Sat.
110 3172 143 3228 1,
159 3170 186 3221 4.
202 3173 231 3218 in
243 3172 305 3218 XII.
324 3173 418 3217 tubulis
445 3196 479 3207 -
506 3172 568 3217 hnec
584 3179 659 3217 eunt:
683 3174 708 3218 ei
731 3174 766 3216 im
783 3174 877 3232 aliquis
894 3175 1003 3229 occisit;
1032 3197 1061 3208 -
1090 3177 1122 3221 ab
1140 3192 1169 3223 ee

35 3242 109 3304 quod
125 3248 167 3286 eet
182 3243 222 3295 ie,
241 3255 362 3287 noneum
381 3263 411 3274 -
429 3241 478 3287 red
492 3243 529 3287 im
540 3243 672 3288 dixerunt.
709 3240 769 3288 878.
789 3257 803 3285 e
821 3243 881 3288 088.
894 3240 919 3287 3.
932 3243 1075 3290 Wakefieldi
1086 3249 1165 3293 etrnei
1221 3294 1225 3297 ,

35 3317 98 3358 800.
122 3332 155 3344 -
176 3317 200 3356 et
216 3311 433 3358 Ecetranum.
452 3312 608 3357 Constructie
627 3313 662 3355 sic
680 3314 835 3369 explicanda:
855 3314 994 3371 „Quoniam
1005 3328 1072 3361 mors
1085 3317 1168 3362 eximit

33 3378 175 3442 (aushebt)
191 3383 230 3435 id,
259 3387 283 3427 et
300 3382 375 3426 foisse
394 3386 449 3427 ente
472 3382 633 3440 (subiectum,
663 3375 698 3429 τὸ
718 3381 940 3448 προγεγονέναι)
965 3385 1076 3439 probibet
1098 3387 1168 3431 iilum

34 3454 91 3510 (qni
114 3456 167 3496 turn
176 3449 258 3505 vixit),
278 3451 315 3495 cui
326 3452 420 3506 possint
430 3451 581 3496 incommoda
593 3452 716 3506 accidere,
737 3465 790 3497 esse
808 3452 867 3497 haec
886 3456 969 3497 eadem
987 3456 1078 3499 semine
1097 3457 1165 3512 (cou-

34 3527 110 3566 stare
128 3520 168 3563 bis
186 3520 272 3564 iisdem
290 3518 449 3577 seminibus),
477 3534 490 3565 e
512 3520 597 3577 quibus
621 3534 682 3565 nune
705 3534 750 3564 nos
775 3535 857 3565 sumus
881 3523 1036 3577 compositi.’'
1063 3526 1167 3584 Vulgata

33 3592 101 3635 haec
121 3593 190 3634 erat:
218 3611 252 3623 —
278 3588 418 3634 Accidere:
445 3594 472 3633 ut
489 3589 607 3648 quonium
624 3598 694 3634 more
712 3591 804 3634 exinait
820 3591 856 3634 im
869 3589 1048 3651 prohibetque,
1073 3592 1164 3649 Illum,

31 3659 100 3718 quoi
116 3658 223 3716 possint
248 3657 405 3703 incommode
429 3659 578 3713 conciliari,
608 3657 678 3702 Huce
702 3657 804 3713 eudem,
835 3658 863 3702 in
887 3660 977 3719 quibus
994 3667 1019 3706 et
1036 3676 1102 3707 nunc
1119 3676 1166 3709 noe

32 3741 149 3781 eumue,
170 3723 336 3785 antefuisse.
375 3725 436 3773 881.
456 3742 491 3771 nn
508 3726 589 3787 nullo]
609 3729 648 3771 Sic
665 3726 738 3771 etiarn
750 3728 780 3771 Ε.
795 3726 824 3772 L.
836 3728 866 3772 li.
888 3750 918 3762 —
938 3744 971 3774 un
990 3732 1041 3775 ullo
1057 3746 1069 3776 e
1085 3732 1164 3790 Lugd.

33 3803 146 3854 unoque
158 3796 187 3841 lt.
204 3797 286 3854 sicque
302 3797 375 3841 etiem
384 3797 413 3842 G.
431 3802 515 3842 contra
528 3802 640 3843 metrum.
660 3797 693 3839 At
707 3810 765 3841 vero
778 3798 864 3852 duplex
880 3802 976 3858 negatio
991 3806 1056 3846 recte
1070 3815 1096 3846 se
1109 3803 1133 3846 h.
1146 3804 1163 3848 l.

33 3867 129 3922 hebel,
151 3866 215 3910 utin
230 3867 280 3910 illis
296 3866 349 3911 Cic.
365 3867 462 3911 nullum
479 3880 607 3910 nummum
621 3865 709 3909 debere
724 3866 831 3912 nemini.
854 3889 883 3900 -
909 3884 925 3913 u
944 3871 1013 3914 nullo
1033 3885 1086 3915 curu
1102 3871 1163 3916 088.

31 3935 187 3994 aliqq.Edd.
197 3940 254 3980 vett.
263 3936 337 3980 Wak.
358 3959 390 3971 -
409 3934 535 3996 Differre,
549 3936 619 3979 nullo
628 3935 719 3984 Eicbst.
756 3934 814 3982 882.
831 3951 904 3995 quom
916 3954 929 3982 e
939 3940 1000 3984 088.
1009 3940 1051 3984 W.
1065 3961 1094 3971 -
1108 3941 1167 3999 quoi

33 4007 68 4051 E.
86 4005 120 4049 1..
134 4005 168 4049 it.
205 4001 265 4049 883.
285 4006 436 4050 misererier
451 4005 480 4050 1..
519 4003 578 4050 888.
601 4025 630 4037 -
646 4010 723 4064 putee
739 4008 803 4050 miro
823 4021 907 4052 errore
921 4009 997 4054 0088.
1017 4010 1125 4065 plerique
1141 4014 1166 4054 et

32 4076 103 4120 Edd.
119 4078 180 4119 vett.
200 4097 234 4108 -
257 4080 388 4133 putrescet
401 4075 447 4120 Αν.
463 4076 494 4119 Ρ.
511 4076 539 4119 F.
559 4076 655 4120 Retiuui
670 4090 724 4119 cnm
737 4075 798 4121 008.
818 4076 849 4121 0.
866 4082 890 4121 et
906 4091 961 4122 tneo
974 4077 1004 4121 0.
1021 4075 1164 4122 Wakefieidi

27 4149 167 4203 putescat.
195 4143 248 4188 cn.
272 4143 325 4190 Cic.
345 4146 374 4190 de
387 4144 441 4192 Nat.
457 4145 488 4189 D.
503 4141 532 4199 2,
550 4141 648 4203 §.168
667 4145 760 4190 Arnob.
782 4143 811 4200 7,
833 4143 875 4191 17.
931 4144 990 4191 889.
1011 4144 1075 4190 unde
1088 4145 1118 4190 E.
1133 4147 1163 4192 C.

31 4213 110 4259 Brix.
132 4237 165 4248 -
183 4212 242 4260 inde
253 4215 313 4261 Ver.
327 4216 390 4260 Veu.
407 4215 452 4260 Ar.
469 4216 529 4260 Her.
551 4237 580 4251 -
596 4230 640 4274 pr.
660 4213 757 4260 abunde
773 4216 802 4260 A.
817 4214 846 4259 1..
