2736 4748
208 349 292 414 Nam
313 342 435 409 scelere
455 339 489 406 in
509 346 601 404 tanto
621 357 661 401 ue
684 355 820 422 quaeras
841 345 896 399 aut
917 332 1066 411 dubites,
1091 354 1134 398 an

208 448 319 516 Prima
341 446 536 527 voluptatem
558 440 633 526 gula
655 436 803 502 senserit.
846 436 986 502 Ultimus
1013 446 1121 500 atatem
1300 433 1338 499 90

209 550 274 632 Qui
295 547 381 614 stetit
403 549 573 626 absumpto
595 540 659 604 iam
680 550 755 605 toto
775 559 940 619 corpore,
966 537 1071 601 dnctis

208 654 276 718 Per
297 658 423 714 terram·
438 644 564 730 digitis,
587 641 707 727 aliquid
728 643 768 705 de
790 639 946 723 sanguine
969 648 1092 724 gustat.

208 754 397 827 Vascones,
420 757 456 812 ut
476 747 561 811 lama
583 754 652 820 est,
676 741 833 806 alimentis
855 741 974 804 talibus
996 741 1074 804 olim

208 855 403 920 Produxere
424 846 565 924 animas,
588 847 647 910 sed
666 865 721 909 res
742 841 890 917 diversa,
914 845 973 906 sed
994 842 1062 906 illie

208 956 372 1021 Fortunae
393 948 514 1013 invidia
534 958 584 1012 est
604 945 829 1027 bellorumque
850 944 981 1022 ultima,
1006 965 1101 1011 casus
1301 944 1340 1008 95

208 1051 374 1130 Extremi,
398 1052 515 1136 longae
537 1048 606 1113 dira
629 1045 809 1111 obsidionis
831 1058 975 1130 egestas.

209 1156 315 1223 Harius
337 1152 439 1229 enim,
463 1153 551 1236 quod
573 1169 657 1212 nunc
679 1148 805 1230 agitur,
829 1147 1009 1211 miserabile
1032 1149 1128 1212 debet

209 1257 401 1340 Exemplum
423 1274 495 1317 esse
516 1249 600 1316 cibit
622 1249 704 1315 sicut
726 1251 825 1313 modo
846 1248 931 1312 dicta
954 1248 1031 1313 mibi
1055 1271 1135 1334 gens

210 1361 295 1425 Post
316 1377 426 1421 omues
446 1356 582 1428 herbas,
605 1361 681 1434 post
702 1361 815 1414 caancta
838 1349 1002 1427 animalia,
1026 1350 1186 1436 quidquid

210 1459 363 1544 Cogebat
384 1455 478 1521 11111
497 1453 620 1519 ventris
640 1453 757 1528 iuror,
779 1451 929 1516 hostibus
950 1451 1028 1534 ipsis
1280 1454 1341 1521 100

209 1560 374 1625 Pallorem
396 1578 434 1622 ao
454 1555 585 1619 maciem
607 1565 640 1617 et
661 1564 771 1621 tenues
794 1551 1019 1616 miserantibus
1041 1550 1170 1632 artua,'

210 1661 363 1726 Membra
384 1658 484 1723 aliena
504 1657 588 1721 ianae
609 1656 817 1731 lacerabant,
840 1675 911 1718 esse
932 1653 1037 1736 parati

209 1764 256 1828 Et
277 1782 346 1826 sua.
390 1757 543 1841 Quisnam
565 1755 728 1821 bominum
752 1754 876 1819 veniam
898 1758 975 1818 dare
996 1755 1112 1840 quisve
1134 1756 1277 1823 deorum

210 1862 390 1928 Ventribus
412 1856 558 1923 abnuerit
580 1856 648 1921 dira
672 1868 768 1941 atque
790 1856 935 1921 immania
958 1857 1064 1938 passis

210 1966 255 2030 Et
277 1962 391 2048 quibua
412 1961 541 2026 illorum
563 1970 717 2043 poterant
736 1957 908 2042 ignoscere
932 1959 1069 2035 Manes,
1120 2024 1122 2028 Α
1281 1964 1338 2026 105

211 2066 359 2146 Quorum
381 2063 575 2146 corporibus
597 2057 835 2124 vescebantur?
857 2058 979 2123 Melius
1002 2080 1063 2124 nos

211 2163 353 2229 Zenonis
374 2174 545 2248 praecepta
567 2175 717 2226 monent:
739 2181 798 2223 nec
820 2161 903 2223 euim
926 2160 1053 2238 omnia,
1079 2166 1240 2247 quaedam

210 2267 280 2331 Pro
302 2265 368 2329 vita
388 2263 531 2329 iacienda
552 2273 658 2346 putat.
702 2264 767 2326 Sed
788 2260 952 2326 Cantaber
973 2264 1056 2326 unde

213 2365 363 2442 Stoicus,
386 2365 508 2449 antiqui
528 2363 715 2448 praesertim
737 2373 842 2428 aetate
864 2363 1016 2427 Metelli?
1047 2401 1050 2405 <

211 2467 307 2531 Nunc
328 2476 416 2530 totus
438 2465 554 2529 Graias
575 2481 767 2549 nostrasque
789 2465 886 2528 babet
908 2464 997 2529 orbis
1018 2466 1185 2546 Athenas3
1282 2471 1339 2534 110

212 2567 318 2631 Gallia
340 2565 517 2632 causidicos
539 2566 649 2631 docuit
669 2567 805 2631 iacunda
827 2565 1022 2644 Britannoa3

211 2666 263 2735 De
285 2669 491 2735 conducendo
513 2667 657 2753 loquitur
677 2668 738 2732 iana
759 2669 892 2734 rhetore
914 2668 1034 2735 Thule.

281 2863 324 2915 93.
344 2863 486 2922 Varronec,
504 2864 567 2912 lanea
579 2861 714 2927 fumarat
732 2867 794 2925 Rup.
819 2872 989 2915 contremens
1007 2867 1068 2915 Cdd.
1085 2873 1110 2915 et
1132 2868 1216 2917 Web.'
1249 2871 1341 2920 Peanl-

211 2937 295 2983 limam
313 2936 431 2981 abatinis
450 2942 586 2992 correptam
603 2936 696 2992 luisse,
722 2938 768 2984 etsi
783 2930 962 2999 Οὕάσκωνες
978 2936 1081 2983 Graecia
1097 2939 1211 2994 andiunt,
1235 2943 1339 2988 delnoa·

211 3011 289 3051 atraat
311 3007 419 3060 exempla
440 3004 564 3049 Prudentii
591 3009 615 3050 et
640 3004 737 3051 Paulini
755 3005 872 3061 liupertio
894 3008 1002 3063 laudata,
1027 3007 1140 3064 quocirca
1165 3012 1340 3056 emendatione

212 3073 340 3121 Vascones
351 3070 429 3134 samo
446 3079 485 3118 eat
500 3073 571 3118 iaclle
592 3086 712 3119 caremus.
749 3075 918 3134 Intelliguntnr
935 3079 1016 3120 autem
1029 3076 1207 3135 Calagurritani
1227 3079 1256 3123 in
1275 3080 1340 3125 bello

211 3142 353 3190 Sertoriano
374 3157 389 3187 1
406 3143 453 3188 Gn.
470 3142 587 3198 Pompeio
605 3141 731 3188 obsidione
750 3143 839 3197 cincti,
868 3145 911 3189 sed
930 3145 1013 3190 eadem
1033 3147 1129 3190 undem
1146 3145 1251 3191 liberati
1270 3163 1296 3193 1.
1318 3162 1340 3194 c.

213 3211 273 3259 679.
303 3225 327 3257 1.
354 3212 409 3260 Iria.
433 3210 499 3267 Epit.
526 3207 567 3259 ⁹3.
592 3211 649 3257 vat.
674 3213 742 3256 Max'.
763 3208 793 3267 i,
814 3207 851 3267 0,
871 3208 902 3267 2,
922 3210 948 3259 3.
967 3212 1071 3268 Appian.
1090 3214 1120 3258 11.
1140 3214 1195 3259 Cir.
1217 3213 1256 3271 1,
1278 3215 1340 3263 112.

210 3282 262 3328 Pro
282 3281 358 3336 olim,
386 3279 429 3324 uei
446 3284 538 3335 septem
552 3282 609 3324 met.
629 3279 689 3328 Aah.
738 3276 780 3325 ⁹5.
800 3277 922 3326 beliorum
939 3281 1053 3327 culmina
1070 3281 1102 3327 tt.
1138 3279 1212 3329 101.
1236 3282 1341 3331 Ventri·

210 3346 268 3410 dua]
295 3349 388 3395 valesii
403 3350 468 3394 coni.
490 3349 573 3403 recepi
588 3362 650 3393 nune
671 3362 725 3393 cuin
746 3348 820 3394 Web.
840 3362 885 3404 pro
908 3348 1011 3395 Viribus
1029 3350 1132 3405 (septem
1149 3352 1207 3395 mei.
1233 3353 1341 3413 Volgo.)

211 3443 246 3455 -
265 3417 372 3464 Urbibus
389 3418 467 3463 Godd.
487 3417 544 3475 aliq.
564 3414 682 3474 (ciuibus,
701 3416 828 3475 Portibus,
849 3416 956 3463 Talibus
968 3419 1062 3473 optivus
1076 3418 1138 3474 Rup.
1155 3421 1340 3479 coniecturae.)

212 3486 272 3536 tot.
288 3492 380 3546 putant
396 3486 535 3532 ABCDEG.
577 3483 636 3533 109.
656 3487 686 3545 Q.
710 3486 963 3533 CaeciliusMetellus
983 3487 1062 3541 Pius,
1081 3486 1201 3532 Numidici
1218 3487 1258 3535 nt.
1281 3504 1340 3535 coa·

211 3563 250 3603 tra
275 3558 410 3602 Sertorium
437 3571 490 3602 cum
514 3556 632 3611 Pompeio
665 3556 755 3600 bellum
780 3556 866 3615 gessit.
903 3553 974 3601 112.
999 3556 1074 3600 'Hunc
1099 3568 1198 3600 versum
1228 3571 1283 3603 om.
1305 3559 1337 3605 D.

212 3624 272 3672 tlt.
292 3627 419 3688 Saguntos
446 3626 519 3672 atto.
567 3621 626 3670 123.
654 3623 776 3669 invidiam
792 3620 886 3684 secere
903 3624 985 3670 111111
1001 3637 1050 3668 111
1068 3628 1106 3668 est
1121 3625 1206 3678 „iram
1230 3632 1257 3671 et
1274 3628 1337 3671 indi-

210 3697 348 3756 gnationem
374 3698 510 3752 motcre”,
538 3698 565 3742 11
590 3695 663 3752 rotgo
685 3696 891 3752 interpretantur-3
921 3695 965 3740 aed
990 3694 1156 3748 „invidiosam
1185 3690 1337 3756 (gedia'aaigl

209 3767 311 3811 reddere
334 3766 438 3822 aliquem
467 3762 700 3819 criminationibus.'’
734 3763 779 3807 Est
797 3763 887 3822 igitur:
917 3763 1099 3818 „turpioremne
1120 3775 1220 3807 cansam
1241 3769 1268 3809 et
1290 3777 1336 3822 qua

210 3837 269 3881 dens
285 3834 353 3880 Nilus
373 3833 470 3893 eiusque
492 3840 572 3889 terra,
603 3836 723 3893 Aegyptus
741 3832 807 3894 ipsa,
831 3831 909 3890 magis
927 3832 1146 3885 dehonestaretur,
1166 3831 1262 3879 afferre
1279 3845 1335 3889 pas.

210 3910 280 3968 sent,
304 3905 325 3950 si
347 3903 416 3950 Nilus
437 3904 564 3961 aliqnando
586 3903 632 3948 tale
656 3899 801 3946 maleficium
818 3902 913 3946 ulturus
930 3913 1031 3960 surgere
1050 3913 1078 3944 ac
1098 3900 1238 3946 redundare
1261 3903 1336 3947 nollet

209 3976 412 4032 Memphiticaque
428 3974 496 4030 regio
515 3970 622 4015 siccitate
643 3967 831 4027 affligeretuat”
866 3970 958 4014 Contra
982 3969 1014 4015 G.
1032 3967 1065 4014 E.
1084 3967 1228 4015 Weberus:
1262 3970 1333 4025 „An,

211 4045 233 4088 ai
254 4044 317 4087 torte
338 4044 461 4099 Aegyptus
481 4038 588 4082 siccitate
609 4037 746 4093 laboraret,
782 4039 859 4098 magis
882 4039 973 4083 crudeli
995 4035 1114 4082 sacrificio
1137 4035 1222 4081 Nilum
1246 4039 1334 4084 iratum

211 4112 346 4166 potuissent
362 4103 484 4152 exorare?
518 4104 545 4147 Si
569 4101 602 4144 dii
622 4105 756 4157 pertinaces
777 4113 833 4152 sunt
855 4109 880 4152 in
898 4107 1039 4163 spernendis
1058 4106 1182 4151 bominum
1201 4109 1333 4163 precibus,
1360 4150 1361 4167 q

213 4176 337 4221 sacrificiis
356 4173 480 4225 insolitis,
498 4170 619 4215 interdum
636 4169 739 4218 fortasse
758 4176 831 4219 etiam
853 4178 969 4235 sangnine
990 4175 1112 4230 bumana,
1131 4176 1245 4231 placandi
1264 4181 1332 4222 sant:

213 4243 238 4288 11
254 4247 354 4300 propter
373 4239 540 4286 necessitatem
557 4248 657 4296 eorum,
687 4241 727 4298 qui
744 4241 832 4291 111111
848 4247 947 4293 molesti
964 4250 1123 4303 premuntur,
1153 4250 1275 4293 excusant
1293 4247 1335 4292 bo·
