2750 4744
209 216 272 279 loll

275 374 321 435 Et
342 358 471 431 solitum
495 360 647 445 armigeri
663 356 774 421 'ducite
796 375 910 418 munus
933 353 1021 437 equi.

215 472 336 547 Omina!
350 469 454 531 fausta
477 484 570 525 cano.
615 461 755 525 Crassos
779 459 965 536 clademque
987 453 1096 534 piate:

262 564 327 635 'Ite
349 580 380 632 et
402 569 567 630 Romanae
589 560 746 625 consulite
767 556 933 620 historiae.

214 675 305 738 Mars
328 683 420 753 pater
443 678 475 729 et
495 684 605 727 sacrae
626 660 734 724 satalia
755 658 873 719 lumina
895 659 1038 727 Vestae,

276 776 362 837 Ante
385 788 474 831 meos
496 766 602 827 obitus
624 762 686 834 sit,
709 758 852 841 precor‚‘
874 757 928 818 illa
951 755 1038 830 dies,

216 877 287 956 Qua
310 873 431 935 videam
453 865 565 947 spoliis
588 872 739 926 oneratos
763 856 912 927 Caesaris
932 877 1028 928 axes,

279 975 335 1037 Aa
356 969 446 1053 vulgi
467 969 597 1049 plausus
619 982 716 1042 saepe
737 960 885 1022 resistere
908 977 1028 1041 equos,

216 1054 319 1158 Inque
342 1073 411 1135 sinu
434 1086 526 1130 carae
541 1067 642 1127 'nixus
668 1073 814 1142 spectare
837 1059 964 1138 puellae

279 1172 433 1254 Incipiam
458 1181 489 1231 et
510 1165 610 1229 titulis
633 1163 753 1244 oppida
775 1171 869 1241 capta
890 1160 1021 1240 legam,

189 1306 198 1313 ·
220 1276 300 1338 Tela
321 1270 446 1355 fugacis
468 1267 542 1348 equi
564 1276 596 1328 et
617 1262 759 1326 braccati
782 1259 888 1322 militis
911 1262 1003 1320 arcus

281 1375 333 1437 Er
347 1372 458 1435 subter
480 1378 592 1448 captos
614 1385 702 1427 arma
724 1365 836 1424 sedere
860 1363 968 1421 duces.

222 1478 298 1557 ipsa
320 1485 406 1535 tnarn
428 1490 522 1532 serva
544 1467 690 1548 prolem,
715 1465 848 1525 Venus:
872 1463 936 1523 hoc
958 1459 999 1520 sit
1020 1458 1053 1520 in
1077 1479 1204 1534 aevum,

283 1572 397 1637 Cernis
423 1573 463 1632 ab
485 1570 596 1631 Aenea
620 1566 708 1648 quod
729 1580 898 1642 superesse
921 1570 1030 1640 caput.
1293 1558 1333 1617 20

220 1676 345 1739 Praeda
368 1660 410 1734 sit
431 1673 510 1732 haec
531 1667 610 1740 illis,
634 1683 770 1746 quorum
793 1652 938 1723 meruere
961 1661 1110 1723 labores:

283 1755 350 1838 Me
366 1783 414 1835 sat
437 1770 497 1833 crit
520 1771 618 1831 Sacra
641 1765 793 1848 plaudere
815 1768 912 1844 poss'c
936 1761 998 1823 via.

485 1956 564 2014 Lm.
588 1951 655 2014 111.
679 1949 774 2027 (tv.)
817 1945 997 2009 anneta
1018 1945 1084 2008 tv.

222 2077 317 2143 Pacis
339 2078 444 2139 Amor
467 2076 543 2133 dens
568 2081 634 2143 est,
657 2088 768 2149 pacem
789 2087 980 2128 veneramur
1000 2075 1158 2125 amantes:

287 2180 377 2240 Stant
399 2172 474 2236 mihi
497 2193 567 2233 cum
588 2168 714 2231 domina
737 2166 862 2247 proelia
889 2169 969 2228 dura
992 2185 1072 2226 mea.

223 2282 297 2343 Non
317 2289 419 2339 tamen
443 2272 548 2334 inviso
571 2281 683 2351 pectus
706 2266 781 2329 inihi
805 2266 954 2346 carpitur
973 2285 1069 2337 auro,

270 2379 355 2439 lieo
380 2375 500 2437 bibite
523 2391 646 2454 gemma
671 2367 769 2430 divite
794 2377 904 2431 nostra
927 2363 1008 2427 sitis.

223 2481 294 2542 Nec
316 2476 391 2537 mihi
414 2474 498 2535 mille
519 2470 606 2553 iugis
629 2466 805 2548 Campania
825 2466 954 2550 pinguis
977 2475 1102 2539 aratur,

286 2578 357 2638 Neo
379 2574 474 2636 miser
496 2593 568 2634 aera
592 2590 672 2651 paro
692 2566 798 2642 clade,
826 2566 1000 2641 Corinthe,
1025 2577 1092 2627 tna.

146 2735 150 2743 .
226 2677 256 2740 Ο
280 2675 382 2759 prima
404 2673 517 2735 infelix
536 2671 669 2754 fingenti
691 2664 776 2729 terra
799 2668 1014 2730 Prometheo!

288 2776 347 2839 Ille
370 2795 482 2856 parum
504 2770 590 2833 canti
610 2768 752 2852 pectoris
771 2767 838 2850 egit
860 2787 962 2847 opus:
1086 2761 1091 2770 '

234 3052 237 3055 x
295 2992 319 3040 8.
339 2991 474 3045 „Adducite
499 3002 585 3045 equum
610 2988 767 3041 bellatorem,
795 2992 823 3030 ut
843 2999 887 3030 suo
916 2998 1015 3030 munere
1037 2985 1060 3027 in
1081 2985 1180 3038 proeliis
1205 2984 1342 3043 fungatur.''

228 3087 259 3098 -
278 3059 579 3106 numerumnunerum.
598 3056 670 3111 prob.
693 3056 795 3099 llofuran
814 3054 958 3108 Peerlkamp
978 3053 1008 3097 Ν.
1030 3053 1094 3096 Bibl.
1109 3054 1170 3097 Crit.
1187 3050 1211 3097 5.
1240 3067 1264 3108 p.
1285 3051 1340 3097 171.

225 3131 310 3176 lacobs
330 3129 455 3184 proponit:
481 3125 514 3173 Et
531 3125 646 3184 solitum,
676 3125 818 3182 ‹criniger-i,
848 3121 940 3167 cludits
958 3135 1064 3171 ananus.
1095 3121 1167 3180 equi!
1196 3121 1212 3164 i.
1235 3136 1259 3169 e.
1280 3123 1342 3175 „iam

225 3200 318 3244 bellicis
337 3199 423 3243 vestris
443 3195 568 3239 laboribus
592 3192 662 3236 linem
681 3194 823 3246 imponite.''
871 3193 917 3235 Sed
939 3191 1058 3248 quomodo
1083 3192 1106 3234 id
1132 3190 1155 3232 b.
1184 3192 1201 3232 l.
1221 3192 1340 3245 quadret,

225 3268 265 3312 ubi
284 3269 312 3310 de
331 3264 482 3318 expeditione
506 3263 656 3316 suscipienda
674 3262 800 3304 manifesto
827 3273 907 3303 sermo
928 3257 982 3304 est?
1009 3260 1044 3301 Ac
1068 3259 1088 3301 si
1107 3259 1187 3312 dicas,
1207 3259 1247 3301 sic
1266 3257 1342 3312 prole-

225 3336 329 3379 ctionem
347 3338 371 3376 et
387 3333 513 3375 victoriam
534 3332 660 3388 coniungi,
680 3330 767 3372 nimius
786 3328 894 3383 prolecto
920 3333 984 3373 esset
1002 3327 1122 3371 cbiasmus
1143 3327 1205 3370 inter
1229 3320 1342 3384 imagines

226 3409 282 3446 tunc
303 3412 402 3453 prorsus
422 3400 545 3452 dispares,
576 3400 671 3441 navium
696 3399 726 3440 ad
756 3397 845 3440 bellum
874 3396 1087 3451 proficiscentiutu'
1103 3399 1127 3437 et
1150 3407 1271 3451 equorum
1294 3397 1343 3448 post

226 3467 519 3514 victoriarncessantiurn.
558 3465 582 3510 9.
608 3468 643 3508 lta
657 3465 733 3509 Codd.
753 3478 848 3509 norem.
868 3466 898 3509 L.
918 3467 966 3509 lac.
986 3461 1164 3520 —cladesque
1183 3462 1243 3505 atti.
1265 3461 1341 3518 vulgo.

229 3536 270 3583 13.
289 3543 392 3582 onerato
412 3534 510 3591 Cycne
539 3535 604 3578 Mur.
633 3535 696 3579 coni.
723 3534 804 3591 vulgo.
861 3530 904 3579 22.
923 3548 962 3576 me
981 3532 1057 3575 Codd.
1076 3532 1191 3575 meliores
1209 3530 1240 3573 L.
1262 3554 1294 3564 -
1312 3530 1342 3571 nu

228 3609 278 3650 alii.
298 3607 379 3662 vulgo.

585 3672 640 3715 Lis.
661 3671 706 3713 lll.
727 3669 792 3725 (lv.)
828 3668 989 3713 ELEG.lV.

237 3746 241 3751 ”
299 3740 324 3783 l.
345 3739 415 3793 „lior
436 3753 531 3784 cananea
550 3741 615 3783 Mur.
642 3740 745 3782 etScal.
766 3739 847 3791 nullo,
880 3737 1047 3794 quodecim,
1079 3734 1141 3781 Cod.
1162 3735 1340 3783 consentiente,

227 3825 281 3857 cum
299 3808 644 3861 superiore'csntunrernut.'’
667 3806 696 3850 1..
752 3804 777 3850 2.
797 3805 843 3850 Sat
858 3806 937 3849 Livin.
959 3805 1041 3848 lleins.
1066 3804 1131 3847 coni.
1154 3817 1168 3846 a
1189 3802 1292 3846 Laebm.
1310 3815 1342 3844 re·

229 3884 297 3932 cepta
312 3878 335 3919 in
356 3876 403 3918 Ed.
428 3889 465 3930 pr.
492 3877 635 3920 Sebaeferus
656 3878 685 3918 ad
704 3875 794 3918 tettan:
816 3888 840 3928 p.
867 3874 924 3917 XV.
953 3873 1060 3927 (notante
1083 3872 1200 3915 Paldamo
1223 3883 1251 3924 p.
1277 3867 1342 3920 24⁰.)

227 3952 293 3992 recte
314 3944 461 3998 comparavit
482 3944 648 3989 Graecorum:
670 3938 799 4004 πόλεμος
816 3940 965 4002 ἐνέστηκε.
1001 3941 1065 3984 llaec
1085 3954 1143 3983 cum·
1156 3939 1269 3993 proxime
1282 3951 1343 3993 prae·

164 4058 165 4061 ,
227 4017 294 4060 cedd.
320 4013 465 4069 coniungens
489 4013 592 4055 llolrnan
615 4012 758 4065 Peerlkamp
782 4011 813 4054 N.
838 4011 893 4054 Bib.
917 4010 980 4053 Crit.
1004 4007 1028 4053 5.
1054 4021 1079 4060 p.
1101 4005 1161 4051 164.
1182 4008 1270 4052 coni.:
1295 4005 1344 4050 Sint

229 4082 301 4126 milri.
356 4078 432 4123 3-5.
463 4079 539 4123 Plura
567 4080 605 4121 bic
627 4079 677 4119 sine
702 4078 788 4121 idonea
811 4092 895 4122 caussa
921 4078 1043 4122 innovavit
1068 4077 1169 4120 Lacbrn.
1195 4077 1219 4119 in
1242 4075 1290 4118 Ed.
1310 4087 1342 4129 pr.

231 4149 408 4193 Sententiarum
434 4147 530 4201 quidem
553 4147 663 4187 iunctura
689 4156 736 4186 non
761 4147 830 4189 nimis
856 4148 985 4201 perspicua
1002 4149 1053 4199 est,
1085 4146 1179 4198 fateor,
1209 4145 1255 4187 sed
1273 4144 1343 4200 qualis

229 4219 300 4260 etiarn
329 4214 493 4259 severioribus
514 4215 538 4255 in
563 4213 652 4265 poeta,
683 4223 758 4266 eoque
791 4214 912 4271 elegiaco,
947 4215 1067 4258 interdurn
1094 4214 1269 4270 concoquenda
1297 4216 1341 4257 est:
