2762 4760
224 148 265 213 18

222 311 293 374 Nec
314 307 409 372 facile
430 306 464 372 in
485 328 581 372 venas
604 305 693 370 cibus
719 304 821 371 omnis
843 304 962 371 diditur
982 306 1033 371 ei:

223 415 293 476 Nec
316 411 390 475 satis
413 421 478 487 est,
499 433 561 493 pro
587 430 683 496 quam
697 409 809 493 largos
828 421 991 474 exaestuat
1013 421 1131 487 aestus,

223 517 315 579 Unde
337 523 453 599 queant
470 524 590 576 tantum
610 510 753 575 suboriri
774 533 812 576 ae
832 512 1055 595 suppeditare,

224 617 397 698 [Quantum
420 637 501 700 opus
522 626 570 678 est
591 626 622 678 ct
641 617 729 700 quod
749 613 825 691 satis
845 626 908 691 est,
930 626 1042 678 natura
1063 616 1216 695 novare]

222 720 297 782 Iure
317 712 417 802 igitur
437 728 583 800 pereunt,
607 738 704 802 quom
722 717 881 780 rarefacta
903 718 1032 781 fluundo
1253 720 1331 780 1110

223 824 302 884 Sunt
323 832 355 884 et
376 842 472 904 quom
494 818 636 883 externis
658 821 866 883 succumbunt
887 818 1135 904 omnia'plagis:

223 921 486 1008 Quandoquidem
512 921 626 1005 grandi
648 920 738 984 cibus
760 943 841 986 aevo
862 920 997 1005 denique
1017 922 1111 996 defit;

222 1027 292 1088 Nec
311 1023 479 1086 tuditantia
498 1046 564 1087 rem
587 1034 708 1087 cessant
730 1022 928 1087 extrinsecus
946 1023 1041 1085 ullam

224 1125 378 1208 Corpora
401 1128 561 1190 conficere
578 1136 609 1189 et
630 1124 734 1209 plagis
752 1124 866 1188 infesta
885 1128 1028 1190 domare.

223 1228 278 1291 Sic
297 1228 399 1312 igitur
422 1226 527 1312 magni
550 1249 678 1312 quoque
698 1227 818 1291 circuni
841 1228 964 1292 moenia
987 1228 1094 1301 mundi
1253 1234 1329 1295 1115

222 1333 415 1415 Expugnata
435 1332 553 1391 dabunt
572 1326 675 1392 labem
697 1330 880 1416 putreisque
900 1331 1020 1394 ruinas.

227 1431 342 1497 Omnia
364 1434 456 1495 debet
481 1430 563 1495 enim
586 1431 675 1495 cibus
695 1430 856 1516 integrare
875 1436 1025 1498 novando

222 1537 266 1598 Et
287 1533 400 1598 fulcire
423 1532 530 1610 cibus,
554 1532 645 1596 cibus
667 1534 772 1599 omnia
792 1547 979 1600 sustentare.

221 1635 462 1721 Nequidquam
485 1635 635 1721 quoniam
656 1657 715 1699 nec
737 1657 835 1700 venae
857 1637 1077 1720 perpetiuntur

223 1739 319 1818 Quod
330 1737 406 1800 satis
417 1749 464 1800 est
475 1759 587 1822 neque,
604 1749 752 1822 quantum
769 1761 850 1822 opus
864 1750 927 1815 est,
943 1751 1055 1803 natura
1068 1739 1235 1806 ministrat.
1253 1746 1331 1806 1150

284 1842 415 1924 Iamque
435 1843 515 1905 adeo
535 1841 669 1903 fractast
689 1853 774 1904 aetas
795 1844 950 1926 effetaque
971 1841 1063 1905 tellus

222 1942 291 2007 Vix
312 1942 455 2005 amimalia
476 1964 576 2026 parva
596 1954 697 2019 creat,
721 1965 801 2027 quae
822 1954 936 2006 cuncta
959 1944 1080 2007 creauit

275 2068 351 2116 1137.
371 2070 439 2123 „Nec
456 2072 515 2114 satis
534 2075 569 2115 esl
587 2071 744 2125 supplementi
763 2084 807 2125 pro
819 2071 924 2115 aestibus
936 2071 987 2127 iis,
1005 2085 1075 2128 quatu
1093 2072 1155 2127 (1.1.
1169 2073 1192 2115 in
1206 2072 1330 2130 quantum)

222 2145 345 2185 exaestuat
362 2142 442 2199 largos
460 2141 568 2184 aestus.”
587 2141 659 2183 Wals.
678 2163 711 2173 -
730 2145 815 2183 aestus
833 2145 911 2184 autern
929 2145 984 2183 sunt
1001 2142 1089 2184 calidae
1108 2145 1131 2185 el
1148 2141 1259 2187 humidae
1280 2159 1330 2198 par-

222 2212 321 2264 ticulae,
351 2223 409 2267 quas
435 2211 539 2253 sudando
567 2214 590 2254 et
613 2209 743 2253 exhalando
770 2223 874 2264 corpora
897 2210 1051 2253 animantium
1074 2211 1185 2254 continno
1210 2213 1330 2256 omittunt.

220 2280 295 2324 For-b.
335 2276 410 2323 1138.
430 2284 521 2338 queant
537 2280 590 2323 scil.
610 2292 722 2334 corpora.
750 2278 790 2322 ste
806 2280 877 2323 etiam
893 2279 922 2322 C.
938 2278 969 2322 E.
988 2299 1022 2312 -
1041 2279 1247 2337 1111111111.
1273 2284 1332 2326 Post

221 2363 244 2393 v.
263 2341 339 2392 llll.
358 2350 444 2406 aliquis
472 2353 615 2404 apposuerat
640 2349 726 2393 lemma
752 2344 818 2392 IAM
841 2344 960 2393 SENEM
980 2346 1131 2393 MUNDUM
1151 2347 1200 2394 ΕΤ
1223 2349 1338 2396 onttvld

221 2415 357 2463 PUSILLA
373 2414 482 2472 Nasci,
514 2422 540 2461 nt
562 2423 599 2462 est
622 2418 646 2461 in
663 2417 707 2462 Gd.
724 2416 755 2461 E.
784 2417 844 2460 ilinc
861 2418 928 2460 multi
949 2430 1045 2462 versum
1063 2420 1218 2472 extuderunt,
1248 2419 1269 2463 si
1288 2421 1331 2463 diis

221 2490 311 2544 placet,
331 2487 516 2544 Lueretlauuui;
544 2488 630 2546 Margo
645 2487 698 2532 scil.
714 2485 745 2531 E.
761 2486 906 2545 pusillnque
923 2486 1024 2541 emaioe;
1042 2489 1135 2532 doctius
1156 2488 1185 2533 C.
1204 2502 1257 2532 curn
1278 2490 1331 2533 aliis

221 2559 282 2612 apud
300 2557 390 2601 war:
421 2555 521 2615 Iamque
545 2570 629 2601 senem
653 2554 771 2599 inondum
795 2560 818 2598 el
831 2555 954 2612 pusillior
972 2557 1056 2600 omnin
1074 2556 1166 2601 nesci:
1196 2559 1332 2603 debuissent

222 2631 300 2670 tamen
318 2626 441 2671 scribere:
471 2631 542 2685 etque
559 2624 691 2683 pusillitas.
749 2621 1331 2685 111111111111111011.1111111111

221 2694 305 2749 (1.11.)
324 2700 348 2739 et
364 2695 425 2743 Edd.
439 2699 497 2740 velt.
514 2695 639 2750 oririltunt3
658 2693 766 2749 spurium
784 2694 887 2738 iudicant
898 2692 983 2740 Lamb.
995 2695 1073 2739 Bentl.
1098 2695 1177 2740 Eiecit
1188 2697 1230 2740 W.
1261 2697 1331 2740 Com·

222 2770 291 2820 paret
308 2766 410 2820 primu'm
425 2779 461 2819 ap.
477 2765 566 2808 Arane.
582 2765 629 2809 ita:
649 2762 714 2822 quod
730 2764 794 2808 solis
813 2768 851 2806 ssl
868 2768 893 2806 sl
909 2768 1026 2821 quantum
1044 2777 1106 2820 opus
1124 2771 1161 2808 est
1178 2771 1272 2809 natura
1292 2779 1331 2809 no·

220 2849 288 2878 scre.
309 2835 343 2878 sie
356 2835 427 2878 etiam
442 2833 472 2877 P.
486 2837 515 2879 Α.
570 2829 646 2880 1151.
666 2833 720 2887 Sic,
739 2834 792 2878 scil.
803 2829 896 2892 fractu
914 2857 924 2867 -
943 2857 952 2866 ·
971 2830 1091 2893 effetoque
1108 2834 1189 2878 Codex
1207 2836 1330 2889 Meminii,

221 2904 282 2948 Edd.
300 2903 527 2961 relt.W.Forbig.
547 2896 702 2962 (1111111,
721 2900 801 2956 utfit,
827 2906 905 2953 errat,
932 2904 995 2958 qued
1011 2903 1058 2956 ait,
1086 2903 1159 2947 Walr.
1176 2904 1211 2947 sic
1229 2905 1331 2948 edidisse

167 3016 170 3021 ,
222 2988 294 3027 „cum
310 2974 419 3028 plurimis
437 2973 579 3029 optimisque
595 2971 664 3014 libris
672 2971 686 2991 ''
692 3002 699 3025 ,
719 2985 789 3028 quum
802 2971 823 3014 is
835 2970 962 3014 manifesto
974 2971 1050 3025 dicat,
1064 2968 1330 3020 cdd.0.A.II.>.'..ll.

222 3038 338 3104 (adiungo
354 3056 420 3087 meos
437 3042 466 3086 C.
480 3041 522 3096 Ε.)
541 3040 629 3085 habere
639 3036 724 3098 snctn.
747 3040 813 3084 -C.
828 3053 891 3094 apr.
906 3054 938 3082 m.
955 3037 1178 3099 affectuqueasec.
1202 3038 1330 3102 effetaque.

222 3114 320 3170 (Margo
336 3111 382 3156 E.:
404 3109 531 3172 efficcla.)
566 3111 593 3153 Iu
616 3109 654 3153 bis
679 3114 758 3154 autem
779 3109 871 3153 duobus
887 3109 1005 3152 similibus
1021 3109 1100 3153 verbis
1118 3111 1150 3152 ila
1167 3112 1293 3154 variarunt
1308 3125 1331 3153 ae

222 3184 331 3226 luserunt
346 3187 369 3225 et
388 3182 481 3224 librarii
500 3186 524 3225 et
539 3180 631 3233 critici,
663 3185 688 3223 ut
706 3180 746 3222 alii
765 3176 821 3232 (A.)
837 3179 948 3222 ederent:
980 3176 1053 3239 effeta
1070 3184 1108 3222 est
1125 3184 1196 3222 nelns
1214 3178 1331 3240 effetaque

222 3253 311 3310 lellus,
341 3251 382 3294 alii
412 3249 492 3306 (Han.)
521 3246 611 3310 effectu
639 3254 677 3293 est
705 3254 776 3293 celas
805 3245 923 3307 effetoque
949 3248 1032 3292 lellus.
1087 3244 1163 3292 1155.
1183 3248 1331 3306 significatur

222 3320 362 3367 h.t.lliad.
378 3318 407 3373 8,
424 3317 464 3363 tl.
493 3317 520 3366 εἰ
536 3316 573 3373 d’,
599 3309 669 3381 ἄγε.
693 3312 888 3388 πειρήσασθε,
915 3313 995 3378 θεοί,
1024 3312 1073 3365 ἴνα
1095 3309 1183 3366 εἴδετε
1210 3314 1329 3378 πάντες·

222 3384 324 3457 σειρὴν
350 3387 491 3456 χρυσείην
515 3380 546 3446 ἐξ
569 3381 734 3454 οὐρανόθεν
757 3380 956 3455 κρεμάσαντες
972 3401 998 3434 κ.
1017 3398 1042 3434 τ.
1060 3383 1085 3433 λ.
1110 3387 1133 3430 11
1152 3401 1221 3444 quem
1243 3389 1330 3443 simpli-

223 3459 345 3502 cissimum
369 3459 448 3501 locum
471 3457 559 3500 veteris
576 3459 660 3511 poetae
679 3457 817 3502 incredibile
836 3462 886 3509 est,
915 3461 973 3513 quot
995 3460 1018 3500 et
1040 3457 1172 3500 cuiusmodi
1190 3457 1331 3519 insipiengis

222 3527 363 3584 sapienties
390 3527 481 3570 somnia
510 3526 635 3568 intulerint
666 3530 716 3569 tum
744 3527 838 3580 Stoici,
870 3530 953 3568 contra
981 3538 1042 3581 quos
1066 3525 1160 3582 oblique
1186 3520 1223 3570 bic
1247 3532 1332 3586 pugnat

222 3597 363 3649 Lucretius,
392 3599 442 3640 lum
474 3595 617 3650 praesertim
642 3593 806 3649 Neoplalouici
836 3595 898 3645 (cir.
929 3593 1036 3638 Crenzer
1066 3595 1190 3647 symbolik
1218 3596 1284 3644 Edit,
1308 3594 1329 3639 2.

222 3668 252 3710 Τ.
274 3664 297 3709 1.
315 3680 340 3721 p.
358 3663 413 3718 97.)
443 3666 488 3708 Sed
507 3665 544 3707 liis
562 3663 649 3707 similia
668 3678 696 3708 ac
714 3664 779 3719 paria
793 3663 931 3721 quotidieiu
944 3662 1063 3706 similibus
1076 3665 1227 3719 experimur,
1248 3666 1331 3723 quibus

221 3737 271 3780 ieri
286 3736 401 3793 philologi
411 3739 506 3778 strenue
519 3738 543 3777 ul
552 3732 646 3776 obviam
656 3739 724 3788 eant,
735 3747 829 3788 semper
840 3734 966 3787 optandum
978 3737 1023 3777 est.
1069 3729 1143 3777 1155.
1157 3737 1228 3788 (nec,
1239 3735 1331 3798 fluctus

217 3804 382 3864 plangentia,
407 3816 475 3846 saxo
491 3804 533 3846 W.
563 3804 609 3846 Sed
628 3804 746 3859 quomodo
764 3819 778 3846 a
798 3803 862 3846 saxis
880 3804 1021 3860 plangantur
1042 3801 1159 3856 fluctuet)
1214 3802 1291 3852 1160.
1312 3810 1331 3848 el

218 3874 314 3931 pabula
326 3873 357 3918 E.
370 3874 460 3930 Vulgo.
499 3869 575 3916 1163.
594 3871 1081 3917 serisAv.t1lvidelureoni.P.H.W.
1102 3868 1330 3930 -serisH.Edd.
1368 3880 1369 3883 ’

220 3945 359 3988 Brix.Vsr.
377 3965 410 3976 -
420 3938 520 3999 serrinl
532 3943 593 3985 lien.
608 3965 641 3975 -
652 3937 756 3999 serrum
768 3941 844 3985 Codd.
856 3939 985 3998 (certeE.)
995 3942 1025 3988 A.
1036 3941 1065 3984 1..
1078 3942 1107 3985 Η.
1148 3939 1223 3987 1163.
1244 3956 1328 4002 ruppe.

220 4013 295 4058 ditali
315 4010 450 4071 siguinum
470 4011 547 4054 activo
566 4023 610 4064 pro
625 4008 850 4065 „suppeditantes''.
886 4011 978 4054 Verum
994 4015 1017 4055 el
1035 4009 1059 4054 h.
1076 4012 1093 4055 l.
1112 4015 1135 4054 et
1153 4013 1212 4066 apud
1233 4011 1285 4056 Cic.
1305 4014 1330 4055 ad

221 4079 355 4136 111111,
376 4078 416 4124 18.
439 4080 537 4123 verbum
554 4079 694 4136 supperior,
723 4081 785 4136 quod
800 4080 945 4135 Appuleius,
967 4083 1076 4124 strenuus
1105 4079 1187 4123 talium
1209 4087 1330 4135 captator,

221 4153 279 4196 satis
314 4148 415 4204 firmat,
451 4148 641 4192 substituendum
681 4149 773 4192 videtur
814 4150 920 4192 inaudito
955 4161 980 4193 v.
1015 4149 1141 4204 deponenti
1176 4149 1329 4208 suppeditet.

224 4216 299 4265 1161.
319 4223 413 4280 augeat
430 4218 595 4272 intransitive,
614 4250 627 4273 „
634 4222 777 4276 augescunt,
796 4218 992 4276 grandeseuuw,
1011 4218 1078 4263 cuius
1093 4232 1147 4262 usus
1161 4223 1269 4275 exempla
1281 4223 1331 4264 sunt
