2736 4748
222 96 303 219 aee'

222 310 267 372 Et
288 305 443 371 antecessi
465 303 571 389 genita
592 315 668 385 pest
687 304 745 367 leti
766 307 908 367 demum.

223 412 280 472 Bis
301 410 353 470 hic
375 407 498 489 septeni
519 428 642 470 meeum
665 408 787 468 natales
810 407 875 468 dies
916 409 920 420 '

223 509 379 571 'l'euchris
401 520 566 595 tenentur,
582 507 675 593 ¹Ditis
697 519 825 570 aeterna
849 511 963 580 denm3

222 614 340 694 Rogo,
365 623 398 671 ut
420 610 581 672 discedens
604 621 722 671 terram
744 605 819 670 mihi
841 604 925 672 dicas
948 613 1064 672 levem.
1289 609 1320 669 10
1351 682 1352 687 η

242 771 342 832 XXI.
387 767 474 845 nest
498 767 659 861 Verginia
678 766 917 848 epaapamm.
951 765 1103 846 (annot.
1128 767 1171 827 L.
1196 767 1228 828 e.
1249 768 1304 841 55.)
1351 722 1352 727 Ν

222 878 288 940 Hic
310 878 387 939 situs
410 890 457 940 est
481 879 603 961 Rufus,
628 879 721 959 pulso
745 879 801 960 qui
824 877 961 938 Vindice
983 880 1144 960 qnondam

285 980 456 1060 Imperium
480 979 614 1042 asseruit
635 1001 699 1042 nen
721 977 799 1053 sihi,
821 980 879 1039 sed
899 977 1036 1059 patriae.

299 1138 418 1201 amr.
462 1136 568 1199 stam
588 1134 825 1217 Epitaphium.
871 1106 1093 1212 (unruoch,
1114 1133 1147 1195 a.
1173 1134 1256 1210 rau)

223 1247 343 1310 Statius
365 1245 416 1308 hic
437 1246 515 1308 situs
538 1257 602 1319 est,
628 1245 774 1307 iuvenem
798 1266 891 1328 quem
916 1243 1035 1324 Gypris
1059 1244 1194 1316 ademit,
1257 1262 1264 1281 ⁵
1351 1320 1352 1331 ἵ

285 1351 484 1412 Praeconem
506 1349 634 1410 Aeneae
656 1344 793 1408 carmine
816 1349 903 1427 qued
926 1357 1098 1426 premeret.

306 1507 443 1570 xsrm.
487 1503 635 1569 raanan
655 1506 830 1567 Annene.
877 1503 1025 1577 (annu.
1050 1503 1093 1562 n.
1111 1503 1143 1563 a.
1167 1501 1254 1577 en.)
1316 1466 1320 1474 ’

223 1618 299 1682 Hoc
321 1636 428 1676 nemus
451 1627 582 1676 aeterno
605 1614 747 1675 cinerum
772 1613 910 1674 sacravit
932 1611 1051 1674 honori

286 1715 423 1779 Faenius
447 1727 477 1777 et
501 1715 577 1776 culti
597 1713 711 1798 iugera
734 1737 834 1796 panea
859 1714 932 1776 seli.

223 1820 299 1882 Hoc
321 1817 439 1901 tegitur
462 1818 525 1878 cito
548 1828 639 1896 rapta
662 1815 726 1878 suis
751 1817 880 1879 Antulla
905 1816 1097 1895 sepulchre,

286 1921 361 1982 Hoc
384 1918 444 1980 erit
466 1917 617 1980 Antullae
640 1918 756 1979 mixtus
780 1930 916 1999 uterque
938 1936 1066 1995 parens.

224 2019 257 2083 Si
280 2018 365 2100 cupit
388 2021 472 2082 hune
493 2018 627 2101 aliquis,
651 2039 784 2094 moneo,
810 2039 849 2079 ne
872 2029 980 2098 speret
1003 2017 1160 2100 agellium

286 2123 451 2202 Perpetuo
474 2120 609 2184 dominis
632 2120 748 2183 serviat
771 2120 828 2182 iste
850 2119 930 2181 suis.

181 2262 186 2266 ⁸
223 2262 358 2324 XXIV
381 2263 429 2322 D.
452 2262 508 2323 M.
532 2257 686 2322 Petronii
707 2257 941 2340 deligenidis.
966 2256 1184 2334 (Anthnl.I.
1206 2255 1326 2328 halt.)

267 2371 336 2443 Τιι,
361 2372 441 2449 pede
463 2368 517 2451 qui
540 2367 652 2431 stricte
677 2367 767 2430 vadis
789 2389 848 2449 per
869 2379 979 2440 senta,
1006 2366 1129 2438 viatur,

225 2471 331 2542 Siste,
356 2491 458 2551 rego,
482 2469 672 2551 titulumque
696 2491 797 2530 meum
821 2489 861 2530 ne
884 2467 1068 2548 spreveris,
1095 2490 1167 2531 ero.

225 2570 281 2632 Bis
304 2570 416 2652 quinos
440 2591 540 2632 annes
562 2592 748 2653 mensesque
772 2560 871 2644 dites,
898 2573 961 2631 duo
984 2570 1068 2631 seles

224 2671 262 2734 In
285 2672 406 2752 superis
430 2672 513 2746 feci,
537 2681 647 2733 tenere
671 2671 826 2748 nutritus,
851 2683 990 2734 amatus.

224 2772 383 2855 Dogmata
407 2773 614 2856 Pythagorae
636 2772 719 2834 sensi
741 2773 941 2856 studiumque
965 2776 1140 2854 sophorum
1314 2768 1327 2829 5

224 2877 269 2937 Et
291 2873 393 2937 libros
416 2873 492 2957 legi.
537 2874 621 2958 Legi
644 2873 696 2955 pia
720 2875 857 2937 carmina
881 2875 1050 2948 Homeri,

226 2975 300 3037 Sive
323 2987 401 3057 quot
423 2975 572 3037 Euclides
596 2979 695 3040 abaco
718 2976 916 3058 praescripta
939 2976 1075 3038 tulisset.

224 3075 363 3141 Delicias
386 3077 481 3138 habui
502 3076 623 3165 pariter
646 3078 796 3158 lususque
818 3100 986 3160 proeaees.

225 3181 316 3242 Haec
339 3180 468 3241 Hilarus
491 3178 566 3241 mihi
588 3181 784 3254 contulerat,
809 3190 901 3260 pater
922 3180 1011 3262 ipse,
1035 3190 1215 3261 patronus,

225 3281 259 3343 Si
281 3302 343 3343 non
366 3281 478 3343 inlelix
501 3280 662 3343 centraria
684 3281 748 3342 lata
770 3280 963 3343 habuissem.
1300 3276 1329 3335 1⁰

184 3404 187 3407 ·
224 3384 321 3446 Nunc
342 3403 423 3445 vere
445 3381 584 3444 inlernas
607 3385 697 3442 sedes
720 3381 915 3445 Acherontis
937 3385 976 3443 ad
998 3385 1106 3457 undas·
1149 3396 1159 3403 '

189 3517 197 3527 J
225 3487 390 3567 Tetraque
412 3483 557 3546 Tartarei
579 3472 744 3567 persidcrc
765 3486 862 3547 tendo
886 3484 1053 3565 profundi.

224 3585 336 3667 Effugi
358 3585 505 3647 tumidam
529 3585 638 3647 vitam.
683 3587 782 3666 Spes,
807 3586 911 3648 lerma
934 3587 1058 3648 valete:

224 3685 279 3748 Nil
303 3686 377 3748 mihi
399 3686 564 3750 vobiscum
589 3698 649 3749 est.
693 3686 789 3749 Alios
812 3687 970 3761 deludite,
995 3707 1128 3768 quaese

224 3787 585 3851 Haecdemusaeterna
609 3801 669 3853 est
715 3788 778 3850 Hie
793 3810 861 3851 sum
878 3788 977 3861 situs
1000 3787 1052 3848 lue
1067 3808 1125 3848 ere
1143 3807 1280 3867 semper
1302 3750 1352 3847 55

293 3987 389 4031 xxttt.
409 3986 495 4030 Exstat
507 3989 577 4030 etiam
590 3989 650 4039 apud
664 3989 800 4033 Martialem
817 3987 839 4031 l.
855 3985 913 4034 117.
937 3986 960 4032 l.
980 3986 1070 4032 honori
1085 4000 1114 4031 ex
1133 3986 1196 4030 coa.
1210 3985 1332 4029 Lahbaens.

226 4052 318 4096 honere
337 4057 364 4097 tt.
403 4054 499 4097 xxiv.
519 4072 552 4086 ι·-
567 4059 643 4108 puter
661 4061 732 4111 etque
749 4064 871 4111 petronus
889 4059 955 4102 Pith.
975 4059 1082 4111 Bu1·tn.;
1103 4058 1146 4099 sed
1165 4061 1223 4099 est:
1245 4056 1333 4106 „patro-

227 4134 285 4172 nus,
313 4122 351 4176 qui
370 4128 470 4174 paterne
489 4133 571 4162 numne
590 4132 627 4161 rrae
647 4130 785 4172 prosecutus
805 4127 867 4171 est.'’
916 4122 1118 4184 leperistere]
1140 4125 1194 4170 dedi
1214 4127 1244 4169 de
1260 4121 1334 4166 Walte·

228 4184 291 4230 fietdi
309 4189 373 4230 cont.
392 4205 428 4220 -
440 4199 490 4243 per
508 4185 595 4229 sidera
613 4185 676 4230 nuria
694 4190 810 4235 sententid
829 4194 920 4241 Ceteri.
