<?xml version="1.0" encoding="UTF-8"?>
<!DOCTYPE html PUBLIC "-//W3C//DTD XHTML 1.0 Transitional//EN"
    "http://www.w3.org/TR/xhtml1/DTD/xhtml1-transitional.dtd">
<html xmlns="http://www.w3.org/1999/xhtml" xml:lang="en" lang="en">
 <head>
  <title>
</title>
<meta http-equiv="Content-Type" content="text/html;charset=utf-8" />
  <meta name='ocr-system' content='tesseract 3.04.00' />
  <meta name='ocr-capabilities' content='ocr_page ocr_carea ocr_par ocr_line ocrx_word'/>
</head>
<body>
  <div class='ocr_page' id='page_1' title='image "./eclogaepoetarum02orelgoog_0206.png"; bbox 0 0 2750 4744; ppageno 0'>
   <div class='ocr_carea' id='block_1_1' title="bbox 18 298 1174 1783">
    <p class='ocr_par' dir='ltr' id='par_1_1' title="bbox 18 298 812 384">
     <span class='ocr_line' id='line_1_1' title="bbox 18 298 812 384; baseline -0.014 -9"><span class='ocrx_word' id='word_1_1' title='bbox 18 298 30 335; x_wconf 62' lang='lat'><strong>³</strong></span> <span class='ocrx_word' id='word_1_2' title='bbox 112 308 282 374; x_wconf 79' lang='lat' dir='ltr'>Femineas</span> <span class='ocrx_word' id='word_1_3' title='bbox 304 303 541 384; x_wconf 83' lang='lat' dir='ltr'>timuit-territa</span> <span class='ocrx_word' id='word_1_4' title='bbox 564 304 675 366; x_wconf 83' lang='lat' dir='ltr'>Marte</span> <span class='ocrx_word' id='word_1_5' title='bbox 698 302 812 365; x_wconf 88' lang='lat' dir='ltr'>minas!</span> 
     </span>
    </p>

    <p class='ocr_par' dir='ltr' id='par_1_2' title="bbox 51 403 951 591">
     <span class='ocr_line' id='line_1_2' title="bbox 51 403 951 490; baseline -0.01 -14"><span class='ocrx_word' id='word_1_6' title='bbox 51 409 267 476; x_wconf 69' lang='lat' dir='ltr'>*Hannibalis</span> <span class='ocrx_word' id='word_1_7' title='bbox 290 407 393 490; x_wconf 89' lang='lat' dir='ltr'>spolia</span> <span class='ocrx_word' id='word_1_8' title='bbox 416 418 447 471; x_wconf 88' lang='lat' dir='ltr'>et</span> <span class='ocrx_word' id='word_1_9' title='bbox 469 404 546 468; x_wconf 89' lang='lat' dir='ltr'>victi</span> <span class='ocrx_word' id='word_1_10' title='bbox 570 416 770 469; x_wconf 86' lang='lat' dir='ltr'>monumenta</span> <span class='ocrx_word' id='word_1_11' title='bbox 794 403 951 484; x_wconf 78' lang='lat' dir='ltr'>syphacis</span> 
     </span>
     <span class='ocr_line' id='line_1_3' title="bbox 110 505 912 591; baseline -0.012 -14"><span class='ocrx_word' id='word_1_12' title='bbox 110 516 157 577; x_wconf 91' lang='lat' dir='ltr'>Et</span> <span class='ocrx_word' id='word_1_13' title='bbox 181 511 302 591; x_wconf 79' lang='lat' dir='ltr'><strong>Pyrrhi</strong></span> <span class='ocrx_word' id='word_1_14' title='bbox 323 512 362 572; x_wconf 87' lang='lat' dir='ltr'>ad</span> <span class='ocrx_word' id='word_1_15' title='bbox 382 520 514 571; x_wconf 89' lang='lat' dir='ltr'>nostros</span> <span class='ocrx_word' id='word_1_16' title='bbox 537 505 643 588; x_wconf 86' lang='lat' dir='ltr'>gloria</span> <span class='ocrx_word' id='word_1_17' title='bbox 666 506 769 568; x_wconf 79' lang='lat' dir='ltr'>fracta</span> <span class='ocrx_word' id='word_1_18' title='bbox 790 507 912 586; x_wconf 85' lang='lat' dir='ltr'>pedes:</span> 
     </span>
    </p>

    <p class='ocr_par' dir='ltr' id='par_1_3' title="bbox 50 605 859 694">
     <span class='ocr_line' id='line_1_4' title="bbox 50 605 859 694; baseline -0.017 -13"><span class='ocrx_word' id='word_1_19' title='bbox 50 614 182 681; x_wconf 87' lang='lat' dir='ltr'>Curtius</span> <span class='ocrx_word' id='word_1_20' title='bbox 204 610 339 693; x_wconf 79' lang='lat' dir='ltr'>expletis</span> <span class='ocrx_word' id='word_1_21' title='bbox 361 609 469 694; x_wconf 88' lang='lat' dir='ltr'>statuit</span> <span class='ocrx_word' id='word_1_22' title='bbox 491 617 692 673; x_wconf 89' lang='lat' dir='ltr'>monumenta</span> <span class='ocrx_word' id='word_1_23' title='bbox 716 605 859 679; x_wconf 86' lang='lat' dir='ltr'>lacunis;</span> 
     </span>
    </p>

    <p class='ocr_par' dir='ltr' id='par_1_4' title="bbox 69 695 817 791">
     <span class='ocr_line' id='line_1_5' title="bbox 69 695 817 791; baseline -0.012 -11"><span class='ocrx_word' id='word_1_24' title='bbox 69 714 70 717; x_wconf 50' lang='lat'>&#39;</span> <span class='ocrx_word' id='word_1_25' title='bbox 108 720 158 780; x_wconf 88' lang='lat' dir='ltr'>At</span> <span class='ocrx_word' id='word_1_26' title='bbox 179 713 298 777; x_wconf 85' lang='lat' dir='ltr'><strong>Decius</strong></span> <span class='ocrx_word' id='word_1_27' title='bbox 319 711 417 773; x_wconf 90' lang='lat' dir='ltr'>misso</span> <span class='ocrx_word' id='word_1_28' title='bbox 440 709 565 790; x_wconf 87' lang='lat' dir='ltr'>proelia</span> <span class='ocrx_word' id='word_1_29' title='bbox 588 708 675 789; x_wconf 90' lang='lat' dir='ltr'>rupit</span> <span class='ocrx_word' id='word_1_30' title='bbox 699 695 817 791; x_wconf 59' lang='lat' dir='ltr'>equo.</span> 
     </span>
    </p>

    <p class='ocr_par' dir='ltr' id='par_1_5' title="bbox 50 808 881 995">
     <span class='ocr_line' id='line_1_6' title="bbox 50 808 821 888; baseline -0.014 -8"><span class='ocrx_word' id='word_1_31' title='bbox 50 813 188 880; x_wconf 90' lang='lat' dir='ltr'>Coclitis</span> <span class='ocrx_word' id='word_1_32' title='bbox 211 810 372 877; x_wconf 82' lang='lat' dir='ltr'>abscissos</span> <span class='ocrx_word' id='word_1_33' title='bbox 395 820 529 872; x_wconf 87' lang='lat' dir='ltr'>testatur</span> <span class='ocrx_word' id='word_1_34' title='bbox 551 808 661 873; x_wconf 81' lang='lat' dir='ltr'>semita</span> <span class='ocrx_word' id='word_1_35' title='bbox 684 819 821 888; x_wconf 90' lang='lat' dir='ltr'>pontes;</span> 
     </span>
     <span class='ocr_line' id='line_1_7' title="bbox 110 908 881 995; baseline -0.008 -18"><span class='ocrx_word' id='word_1_36' title='bbox 110 917 198 987; x_wconf 90' lang='lat' dir='ltr'>Est,</span> <span class='ocrx_word' id='word_1_37' title='bbox 223 913 276 977; x_wconf 85' lang='lat' dir='ltr'>cui</span> <span class='ocrx_word' id='word_1_38' title='bbox 296 930 475 995; x_wconf 85' lang='lat' dir='ltr'>cognomen</span> <span class='ocrx_word' id='word_1_39' title='bbox 499 928 619 973; x_wconf 86' lang='lat' dir='ltr'>corvus</span> <span class='ocrx_word' id='word_1_40' title='bbox 641 909 761 971; x_wconf 86' lang='lat' dir='ltr'>habere</span> <span class='ocrx_word' id='word_1_41' title='bbox 783 908 881 971; x_wconf 89' lang='lat' dir='ltr'>dedit.</span> 
     </span>
    </p>

    <p class='ocr_par' dir='ltr' id='par_1_6' title="bbox 51 1008 1174 1187">
     <span class='ocr_line' id='line_1_8' title="bbox 51 1008 1174 1093; baseline -0.004 -15"><span class='ocrx_word' id='word_1_42' title='bbox 51 1017 143 1078; x_wconf 88' lang='lat' dir='ltr'>Haec</span> <span class='ocrx_word' id='word_1_43' title='bbox 167 1014 197 1076; x_wconf 91' lang='lat' dir='ltr'>di</span> <span class='ocrx_word' id='word_1_44' title='bbox 220 1013 449 1086; x_wconf 86' lang='lat' dir='ltr'>condiderunt,</span> <span class='ocrx_word' id='word_1_45' title='bbox 474 1012 553 1072; x_wconf 92' lang='lat' dir='ltr'>haec</span> <span class='ocrx_word' id='word_1_46' title='bbox 575 1008 608 1072; x_wconf 92' lang='lat' dir='ltr'>di</span> <span class='ocrx_word' id='word_1_47' title='bbox 631 1031 760 1093; x_wconf 91' lang='lat' dir='ltr'>quoque</span> <span class='ocrx_word' id='word_1_48' title='bbox 784 1009 909 1073; x_wconf 88' lang='lat' dir='ltr'>moenia</span> <span class='ocrx_word' id='word_1_49' title='bbox 932 1021 1081 1084; x_wconf 78' lang='lat' dir='ltr'>servant3</span> <span class='ocrx_word' id='word_1_50' title='bbox 1134 1013 1174 1074; x_wconf 79' lang='lat'>65</span> 
     </span>
     <span class='ocr_line' id='line_1_9' title="bbox 112 1111 909 1187; baseline -0.008 -9"><span class='ocrx_word' id='word_1_51' title='bbox 112 1114 184 1178; x_wconf 86' lang='lat' dir='ltr'>Vix</span> <span class='ocrx_word' id='word_1_52' title='bbox 207 1115 332 1187; x_wconf 89' lang='lat' dir='ltr'>timeat,</span> <span class='ocrx_word' id='word_1_53' title='bbox 354 1113 445 1175; x_wconf 82' lang='lat' dir='ltr'>salvo</span> <span class='ocrx_word' id='word_1_54' title='bbox 469 1111 628 1186; x_wconf 78' lang='lat' dir='ltr'>Caesare,</span> <span class='ocrx_word' id='word_1_55' title='bbox 654 1112 759 1174; x_wconf 89' lang='lat' dir='ltr'>Roma</span> <span class='ocrx_word' id='word_1_56' title='bbox 782 1112 909 1173; x_wconf 87' lang='lat' dir='ltr'>Iovem.</span> 
     </span>
    </p>

    <p class='ocr_par' dir='ltr' id='par_1_7' title="bbox 50 1210 945 1395">
     <span class='ocr_line' id='line_1_10' title="bbox 50 1210 945 1294; baseline -0.009 -14"><span class='ocrx_word' id='word_1_57' title='bbox 50 1218 149 1280; x_wconf 87' lang='lat' dir='ltr'>Nune</span> <span class='ocrx_word' id='word_1_58' title='bbox 172 1215 226 1277; x_wconf 90' lang='lat' dir='ltr'>nbi</span> <span class='ocrx_word' id='word_1_59' title='bbox 249 1211 419 1294; x_wconf 84' lang='lat' dir='ltr'>Scipiadae·</span> <span class='ocrx_word' id='word_1_60' title='bbox 438 1211 578 1275; x_wconf 84' lang='lat' dir='ltr'>classes?</span> <span class='ocrx_word' id='word_1_61' title='bbox 600 1211 655 1273; x_wconf 89' lang='lat' dir='ltr'>nbi</span> <span class='ocrx_word' id='word_1_62' title='bbox 677 1211 768 1294; x_wconf 87' lang='lat' dir='ltr'>signa</span> <span class='ocrx_word' id='word_1_63' title='bbox 792 1210 945 1275; x_wconf 78' lang='lat' dir='ltr'>Camilli?</span> 
     </span>
     <span class='ocr_line' id='line_1_11' title="bbox 116 1312 914 1395; baseline -0.006 -16"><span class='ocrx_word' id='word_1_64' title='bbox 116 1319 189 1379; x_wconf 91' lang='lat' dir='ltr'>Aut</span> <span class='ocrx_word' id='word_1_65' title='bbox 210 1315 307 1377; x_wconf 91' lang='lat' dir='ltr'>modo</span> <span class='ocrx_word' id='word_1_66' title='bbox 330 1314 486 1395; x_wconf 89' lang='lat' dir='ltr'>Pompeia</span> <span class='ocrx_word' id='word_1_67' title='bbox 509 1315 660 1395; x_wconf 78' lang='lat' dir='ltr'>Bosporo</span> <span class='ocrx_word' id='word_1_68' title='bbox 683 1325 775 1395; x_wconf 87' lang='lat' dir='ltr'>capta</span> <span class='ocrx_word' id='word_1_69' title='bbox 798 1312 914 1376; x_wconf 83' lang='lat' dir='ltr'>manu?</span> 
     </span>
    </p>

    <p class='ocr_par' dir='ltr' id='par_1_8' title="bbox 51 1413 847 1597">
     <span class='ocr_line' id='line_1_12' title="bbox 51 1413 847 1495; baseline -0.004 -15"><span class='ocrx_word' id='word_1_70' title='bbox 51 1416 235 1482; x_wconf 81' lang='lat' dir='ltr'>Leucadius</span> <span class='ocrx_word' id='word_1_71' title='bbox 258 1427 373 1478; x_wconf 86' lang='lat' dir='ltr'>versas</span> <span class='ocrx_word' id='word_1_72' title='bbox 392 1414 474 1476; x_wconf 84' lang='lat' dir='ltr'>acies</span> <span class='ocrx_word' id='word_1_73' title='bbox 498 1413 687 1478; x_wconf 77' lang='lat' dir='ltr'>memorabit</span> <span class='ocrx_word' id='word_1_74' title='bbox 708 1415 847 1495; x_wconf 86' lang='lat' dir='ltr'>Apollo.</span> 
     </span>
     <span class='ocr_line' id='line_1_13' title="bbox 116 1515 837 1597; baseline -0.003 -17"><span class='ocrx_word' id='word_1_75' title='bbox 116 1520 256 1580; x_wconf 88' lang='lat' dir='ltr'>Tantum</span> <span class='ocrx_word' id='word_1_76' title='bbox 279 1515 388 1597; x_wconf 90' lang='lat' dir='ltr'>operis</span> <span class='ocrx_word' id='word_1_77' title='bbox 409 1515 486 1578; x_wconf 90' lang='lat' dir='ltr'>belli</span> <span class='ocrx_word' id='word_1_78' title='bbox 507 1515 637 1580; x_wconf 80' lang='lat' dir='ltr'>sustulit</span> <span class='ocrx_word' id='word_1_79' title='bbox 660 1535 722 1577; x_wconf 85' lang='lat' dir='ltr'>nna</span> <span class='ocrx_word' id='word_1_80' title='bbox 745 1515 837 1581; x_wconf 66' lang='lat' dir='ltr'>dies..</span> 
     </span>
    </p>

    <p class='ocr_par' dir='ltr' id='par_1_9' title="bbox 51 1615 934 1783">
     <span class='ocr_line' id='line_1_14' title="bbox 51 1615 934 1700; baseline -0.001 -18"><span class='ocrx_word' id='word_1_81' title='bbox 51 1621 98 1682; x_wconf 90' lang='lat' dir='ltr'>At</span> <span class='ocrx_word' id='word_1_82' title='bbox 121 1629 177 1693; x_wconf 90' lang='lat' dir='ltr'>tu,</span> <span class='ocrx_word' id='word_1_83' title='bbox 203 1617 269 1680; x_wconf 87' lang='lat' dir='ltr'>sive</span> <span class='ocrx_word' id='word_1_84' title='bbox 291 1628 382 1698; x_wconf 89' lang='lat' dir='ltr'>petes</span> <span class='ocrx_word' id='word_1_85' title='bbox 404 1628 519 1696; x_wconf 87' lang='lat' dir='ltr'>portus</span> <span class='ocrx_word' id='word_1_86' title='bbox 542 1615 769 1692; x_wconf 86' lang='lat' dir='ltr'>sen,·navita,</span> <span class='ocrx_word' id='word_1_87' title='bbox 794 1617 934 1700; x_wconf 84' lang='lat' dir='ltr'>linques,</span> 
     </span>
     <span class='ocr_line' id='line_1_15' title="bbox 117 1716 758 1783; baseline -0.003 -1"><span class='ocrx_word' id='word_1_88' title='bbox 117 1717 269 1783; x_wconf 89' lang='lat' dir='ltr'>Caesaris</span> <span class='ocrx_word' id='word_1_89' title='bbox 291 1718 323 1780; x_wconf 94' lang='lat' dir='ltr'>in</span> <span class='ocrx_word' id='word_1_90' title='bbox 346 1728 417 1780; x_wconf 90' lang='lat' dir='ltr'>toto</span> <span class='ocrx_word' id='word_1_91' title='bbox 440 1716 484 1778; x_wconf 92' lang='lat' dir='ltr'>sis</span> <span class='ocrx_word' id='word_1_92' title='bbox 508 1736 628 1778; x_wconf 90' lang='lat' dir='ltr'>memor</span> <span class='ocrx_word' id='word_1_93' title='bbox 650 1716 758 1780; x_wconf 90' lang='lat' dir='ltr'>Ionio.</span> 
     </span>
    </p>
   </div>
   <div class='ocr_carea' id='block_1_2' title="bbox 225 1907 1024 2034">
    <p class='ocr_par' dir='ltr' id='par_1_10' title="bbox 225 1907 1024 2034">
     <span class='ocr_line' id='line_1_16' title="bbox 225 1907 1024 2034; baseline 0.001 -14"><span class='ocrx_word' id='word_1_94' title='bbox 225 1958 303 2020; x_wconf 81' lang='lat' dir='ltr'>Lm.</span> <span class='ocrx_word' id='word_1_95' title='bbox 326 1957 390 2022; x_wconf 90' lang='lat' dir='ltr'>III.</span> <span class='ocrx_word' id='word_1_96' title='bbox 433 1907 612 2021; x_wconf 77' lang='lat' dir='ltr'><strong>ELEGIA</strong></span> <span class='ocrx_word' id='word_1_97' title='bbox 634 1956 755 2019; x_wconf 86' lang='lat' dir='ltr'>XVII.</span> <span class='ocrx_word' id='word_1_98' title='bbox 788 1957 866 2034; x_wconf 77' lang='lat' dir='ltr'>(lv.</span> <span class='ocrx_word' id='word_1_99' title='bbox 890 1959 1024 2033; x_wconf 69' lang='lat' dir='ltr'>XVI.)v</span> 
     </span>
    </p>
   </div>
   <div class='ocr_carea' id='block_1_3' title="bbox 51 2103 961 2305">
    <p class='ocr_par' dir='ltr' id='par_1_11' title="bbox 51 2103 961 2305">
     <span class='ocr_line' id='line_1_17' title="bbox 51 2103 961 2200; baseline -0.007 -11"><span class='ocrx_word' id='word_1_100' title='bbox 51 2103 170 2200; x_wconf 85' lang='lat' dir='ltr'>Nunc,</span> <span class='ocrx_word' id='word_1_101' title='bbox 196 2145 215 2187; x_wconf 94' lang='lat' dir='ltr'>o</span> <span class='ocrx_word' id='word_1_102' title='bbox 239 2125 386 2198; x_wconf 83' lang='lat' dir='ltr'>Bacche,</span> <span class='ocrx_word' id='word_1_103' title='bbox 412 2123 473 2186; x_wconf 89' lang='lat' dir='ltr'>tuis</span> <span class='ocrx_word' id='word_1_104' title='bbox 496 2121 630 2187; x_wconf 88' lang='lat' dir='ltr'>humiles</span> <span class='ocrx_word' id='word_1_105' title='bbox 652 2121 855 2187; x_wconf 79' lang='lat' dir='ltr'>advolvimur</span> <span class='ocrx_word' id='word_1_106' title='bbox 877 2122 961 2185; x_wconf 85' lang='lat' dir='ltr'>aris:</span> 
     </span>
     <span class='ocr_line' id='line_1_18' title="bbox 117 2225 808 2305; baseline -0.004 -17"><span class='ocrx_word' id='word_1_107' title='bbox 117 2226 172 2289; x_wconf 87' lang='lat' dir='ltr'>Da</span> <span class='ocrx_word' id='word_1_108' title='bbox 196 2225 271 2288; x_wconf 88' lang='lat' dir='ltr'>mibi</span> <span class='ocrx_word' id='word_1_109' title='bbox 292 2236 406 2305; x_wconf 84' lang='lat' dir='ltr'>pacato</span> <span class='ocrx_word' id='word_1_110' title='bbox 432 2225 498 2288; x_wconf 86' lang='lat' dir='ltr'>vela</span> <span class='ocrx_word' id='word_1_111' title='bbox 523 2226 679 2298; x_wconf 86' lang='lat' dir='ltr'>secunda,</span> <span class='ocrx_word' id='word_1_112' title='bbox 704 2234 808 2303; x_wconf 89' lang='lat' dir='ltr'>pater.</span> 
     </span>
    </p>
   </div>
   <div class='ocr_carea' id='block_1_4' title="bbox 43 2396 1243 4238">
    <p class='ocr_par' dir='ltr' id='par_1_12' title="bbox 43 2396 1243 4031">
     <span class='ocr_line' id='line_1_19' title="bbox 52 2396 1214 2458; baseline 0.001 -8"><span class='ocrx_word' id='word_1_113' title='bbox 52 2406 114 2458; x_wconf 87' lang='lat' dir='ltr'>tibi,</span> <span class='ocrx_word' id='word_1_114' title='bbox 146 2404 237 2458; x_wconf 80' lang='lat' dir='ltr'>Roma,</span> <span class='ocrx_word' id='word_1_115' title='bbox 266 2405 369 2448; x_wconf 86' lang='lat' dir='ltr'>timenda</span> <span class='ocrx_word' id='word_1_116' title='bbox 388 2405 437 2458; x_wconf 80' lang='lat' dir='ltr'>fui,</span> <span class='ocrx_word' id='word_1_117' title='bbox 470 2419 513 2448; x_wconf 89' lang='lat' dir='ltr'>nec</span> <span class='ocrx_word' id='word_1_118' title='bbox 531 2404 649 2447; x_wconf 74' lang='lat' dir='ltr'>antonius</span> <span class='ocrx_word' id='word_1_119' title='bbox 670 2404 802 2447; x_wconf 81' lang='lat' dir='ltr'>vinolentia</span> <span class='ocrx_word' id='word_1_120' title='bbox 824 2404 956 2448; x_wconf 86' lang='lat' dir='ltr'>delirans.&#39;&#39;</span> <span class='ocrx_word' id='word_1_121' title='bbox 981 2404 1079 2448; x_wconf 65' lang='lat' dir='ltr'>lacob.=</span> <span class='ocrx_word' id='word_1_122' title='bbox 1108 2406 1181 2450; x_wconf 86' lang='lat' dir='ltr'>Prius</span> <span class='ocrx_word' id='word_1_123' title='bbox 1194 2396 1214 2443; x_wconf 50' lang='lat'>..3</span> 
     </span>
     <span class='ocr_line' id='line_1_20' title="bbox 52 2446 1212 2535; baseline 0.001 -18"><span class='ocrx_word' id='word_1_124' title='bbox 52 2475 110 2517; x_wconf 82' lang='lat' dir='ltr'>scil.</span> <span class='ocrx_word' id='word_1_125' title='bbox 133 2478 264 2526; x_wconf 73' lang='lat' dir='ltr'>corrupte:</span> <span class='ocrx_word' id='word_1_126' title='bbox 284 2471 341 2516; x_wconf 85' lang='lat' dir='ltr'>Non</span> <span class='ocrx_word' id='word_1_127' title='bbox 359 2469 430 2525; x_wconf 78' lang='lat' dir='ltr'>hoec,</span> <span class='ocrx_word' id='word_1_128' title='bbox 449 2471 541 2525; x_wconf 81' lang='lat' dir='ltr'>Romo,</span> <span class='ocrx_word' id='word_1_129' title='bbox 554 2469 611 2530; x_wconf 81' lang='lat' dir='ltr'>suit</span> <span class='ocrx_word' id='word_1_130' title='bbox 628 2478 697 2535; x_wconf 80' lang='lat' dir='ltr'>tanto</span> <span class='ocrx_word' id='word_1_131' title='bbox 715 2471 761 2515; x_wconf 77' lang='lat' dir='ltr'>titt</span> <span class='ocrx_word' id='word_1_132' title='bbox 780 2473 833 2516; x_wconf 83' lang='lat' dir='ltr'>cire</span> <span class='ocrx_word' id='word_1_133' title='bbox 857 2472 981 2527; x_wconf 71' lang='lat' dir='ltr'>verende,</span> <span class='ocrx_word' id='word_1_134' title='bbox 996 2473 1074 2517; x_wconf 76' lang='lat' dir='ltr'>Dixit</span> <span class='ocrx_word' id='word_1_135' title='bbox 1093 2479 1117 2518; x_wconf 83' lang='lat' dir='ltr'>et</span> <span class='ocrx_word' id='word_1_136' title='bbox 1134 2489 1181 2519; x_wconf 82' lang='lat' dir='ltr'>us·</span> <span class='ocrx_word' id='word_1_137' title='bbox 1204 2446 1212 2493; x_wconf 65' lang='lat' dir='ltr'>l</span> 
     </span>
     <span class='ocr_line' id='line_1_21' title="bbox 51 2539 1179 2599; baseline 0.001 -14"><span class='ocrx_word' id='word_1_138' title='bbox 51 2539 151 2594; x_wconf 82' lang='lat' dir='ltr'>aiduo,</span> <span class='ocrx_word' id='word_1_139' title='bbox 177 2543 237 2583; x_wconf 86' lang='lat' dir='ltr'>unde</span> <span class='ocrx_word' id='word_1_140' title='bbox 256 2542 284 2584; x_wconf 87' lang='lat' dir='ltr'>de</span> <span class='ocrx_word' id='word_1_141' title='bbox 312 2541 393 2583; x_wconf 83' lang='lat' dir='ltr'>audaci</span> <span class='ocrx_word' id='word_1_142' title='bbox 411 2541 472 2588; x_wconf 86' lang='lat' dir='ltr'>Dan.</span> <span class='ocrx_word' id='word_1_143' title='bbox 492 2541 583 2585; x_wconf 83' lang='lat' dir='ltr'>Heinsii</span> <span class='ocrx_word' id='word_1_144' title='bbox 603 2541 667 2585; x_wconf 89' lang='lat' dir='ltr'>coni.</span> <span class='ocrx_word' id='word_1_145' title='bbox 688 2545 772 2595; x_wconf 84' lang='lat' dir='ltr'>postea</span> <span class='ocrx_word' id='word_1_146' title='bbox 796 2541 867 2599; x_wconf 83' lang='lat' dir='ltr'>vulgo</span> <span class='ocrx_word' id='word_1_147' title='bbox 885 2541 1012 2586; x_wconf 84' lang='lat' dir='ltr'>fecerunt:</span> <span class='ocrx_word' id='word_1_148' title='bbox 1032 2540 1089 2587; x_wconf 88' lang='lat' dir='ltr'>Non</span> <span class='ocrx_word' id='word_1_149' title='bbox 1107 2540 1179 2596; x_wconf 74' lang='lat' dir='ltr'>hoec,</span> 
     </span>
     <span class='ocr_line' id='line_1_22' title="bbox 51 2605 1183 2667; baseline 0.001 -14"><span class='ocrx_word' id='word_1_150' title='bbox 51 2609 156 2667; x_wconf 80' lang='lat' dir='ltr'>Roma,</span> <span class='ocrx_word' id='word_1_151' title='bbox 168 2605 224 2666; x_wconf 85' lang='lat' dir='ltr'>suit</span> <span class='ocrx_word' id='word_1_152' title='bbox 243 2634 258 2644; x_wconf 95' lang='lat'><em>-</em></span> <span class='ocrx_word' id='word_1_153' title='bbox 276 2633 293 2644; x_wconf 94' lang='lat'>-</span> <span class='ocrx_word' id='word_1_154' title='bbox 308 2606 360 2652; x_wconf 83' lang='lat' dir='ltr'>Nec</span> <span class='ocrx_word' id='word_1_155' title='bbox 379 2607 452 2652; x_wconf 77' lang='lat' dir='ltr'>ducis</span> <span class='ocrx_word' id='word_1_156' title='bbox 470 2607 575 2653; x_wconf 73' lang='lat' dir='ltr'>occiduo</span> <span class='ocrx_word' id='word_1_157' title='bbox 593 2614 640 2653; x_wconf 88' lang='lat' dir='ltr'>cet.</span> <span class='ocrx_word' id='word_1_158' title='bbox 696 2605 738 2654; x_wconf 81' lang='lat'>57.</span> <span class='ocrx_word' id='word_1_159' title='bbox 759 2610 803 2653; x_wconf 84' lang='lat' dir='ltr'>toti</span> <span class='ocrx_word' id='word_1_160' title='bbox 821 2611 853 2655; x_wconf 83' lang='lat' dir='ltr'>ul.</span> <span class='ocrx_word' id='word_1_161' title='bbox 909 2606 951 2654; x_wconf 80' lang='lat'>59.</span> <span class='ocrx_word' id='word_1_162' title='bbox 970 2611 1036 2655; x_wconf 84' lang='lat' dir='ltr'>llaec</span> <span class='ocrx_word' id='word_1_163' title='bbox 1056 2612 1089 2654; x_wconf 90' lang='lat' dir='ltr'>ita</span> <span class='ocrx_word' id='word_1_164' title='bbox 1107 2624 1183 2666; x_wconf 82' lang='lat' dir='ltr'>nuper</span> 
     </span>
     <span class='ocr_line' id='line_1_23' title="bbox 52 2675 1181 2737; baseline 0 -17"><span class='ocrx_word' id='word_1_165' title='bbox 52 2679 156 2734; x_wconf 87' lang='lat' dir='ltr'>qnidam</span> <span class='ocrx_word' id='word_1_166' title='bbox 175 2677 317 2730; x_wconf 80' lang='lat' dir='ltr'>explicavit:</span> <span class='ocrx_word' id='word_1_167' title='bbox 339 2677 422 2733; x_wconf 77' lang='lat' dir='ltr'>spolio</span> <span class='ocrx_word' id='word_1_168' title='bbox 443 2675 554 2721; x_wconf 71' lang='lat' dir='ltr'>Haurit.</span> <span class='ocrx_word' id='word_1_169' title='bbox 574 2682 599 2720; x_wconf 88' lang='lat' dir='ltr'>ei</span> <span class='ocrx_word' id='word_1_170' title='bbox 615 2675 742 2735; x_wconf 73' lang='lat' dir='ltr'>Syphacis</span> <span class='ocrx_word' id='word_1_171' title='bbox 760 2678 818 2721; x_wconf 72' lang='lat' dir='ltr'>vicii</span> <span class='ocrx_word' id='word_1_172' title='bbox 837 2683 861 2721; x_wconf 81' lang='lat' dir='ltr'>et</span> <span class='ocrx_word' id='word_1_173' title='bbox 877 2675 974 2735; x_wconf 74' lang='lat' dir='ltr'>Pyrrhi</span> <span class='ocrx_word' id='word_1_174' title='bbox 991 2679 1077 2737; x_wconf 78' lang='lat' dir='ltr'>gloria</span> <span class='ocrx_word' id='word_1_175' title='bbox 1088 2675 1181 2735; x_wconf 81' lang='lat' dir='ltr'>srnriu</span> 
     </span>
     <span class='ocr_line' id='line_1_24' title="bbox 51 2743 1177 2800; baseline 0.001 -13"><span class='ocrx_word' id='word_1_176' title='bbox 51 2745 90 2790; x_wconf 79' lang='lat' dir='ltr'>nd</span> <span class='ocrx_word' id='word_1_177' title='bbox 114 2750 217 2787; x_wconf 78' lang='lat' dir='ltr'>nostros</span> <span class='ocrx_word' id='word_1_178' title='bbox 231 2743 310 2800; x_wconf 79' lang='lat' dir='ltr'>pedes</span> <span class='ocrx_word' id='word_1_179' title='bbox 332 2750 392 2788; x_wconf 81' lang='lat' dir='ltr'>eunt</span> <span class='ocrx_word' id='word_1_180' title='bbox 414 2750 583 2789; x_wconf 82' lang='lat' dir='ltr'>monumento.</span> <span class='ocrx_word' id='word_1_181' title='bbox 621 2747 667 2790; x_wconf 85' lang='lat' dir='ltr'>Sed</span> <span class='ocrx_word' id='word_1_182' title='bbox 689 2747 732 2789; x_wconf 87' lang='lat' dir='ltr'>hac</span> <span class='ocrx_word' id='word_1_183' title='bbox 751 2747 801 2800; x_wconf 85' lang='lat' dir='ltr'>ipsu</span> <span class='ocrx_word' id='word_1_184' title='bbox 820 2747 1018 2799; x_wconf 74' lang='lat' dir='ltr'>interpretatione</span> <span class='ocrx_word' id='word_1_185' title='bbox 1042 2746 1177 2794; x_wconf 83' lang='lat' dir='ltr'>evincitur.</span> 
     </span>
     <span class='ocr_line' id='line_1_25' title="bbox 47 2814 1182 2870; baseline 0 -14"><span class='ocrx_word' id='word_1_186' title='bbox 47 2827 131 2870; x_wconf 55' lang='lat' dir='ltr'>&gt;quam</span> <span class='ocrx_word' id='word_1_187' title='bbox 155 2814 235 2867; x_wconf 88' lang='lat' dir='ltr'>inepta</span> <span class='ocrx_word' id='word_1_188' title='bbox 255 2814 288 2856; x_wconf 88' lang='lat' dir='ltr'>sit</span> <span class='ocrx_word' id='word_1_189' title='bbox 313 2814 408 2870; x_wconf 80' lang='lat' dir='ltr'>vulgata</span> <span class='ocrx_word' id='word_1_190' title='bbox 437 2820 533 2867; x_wconf 82' lang='lat' dir='ltr'>praeter</span> <span class='ocrx_word' id='word_1_191' title='bbox 551 2814 746 2857; x_wconf 86' lang='lat' dir='ltr'>molestissimam</span> <span class='ocrx_word' id='word_1_192' title='bbox 767 2814 936 2868; x_wconf 84' lang='lat' dir='ltr'>repetitionem</span> <span class='ocrx_word' id='word_1_193' title='bbox 961 2827 983 2857; x_wconf 86' lang='lat' dir='ltr'>v.</span> <span class='ocrx_word' id='word_1_194' title='bbox 1005 2820 1182 2866; x_wconf 83' lang='lat' dir='ltr'>rnonumenio;</span> 
     </span>
     <span class='ocr_line' id='line_1_26' title="bbox 52 2881 1183 2938; baseline -0.001 -12"><span class='ocrx_word' id='word_1_195' title='bbox 52 2884 120 2926; x_wconf 88' lang='lat' dir='ltr'>nude</span> <span class='ocrx_word' id='word_1_196' title='bbox 142 2882 239 2938; x_wconf 78' lang='lat' dir='ltr'>egregie</span> <span class='ocrx_word' id='word_1_197' title='bbox 264 2882 359 2938; x_wconf 86' lang='lat' dir='ltr'>qnidein</span> <span class='ocrx_word' id='word_1_198' title='bbox 386 2883 415 2925; x_wconf 85' lang='lat' dir='ltr'>ad</span> <span class='ocrx_word' id='word_1_199' title='bbox 437 2883 596 2935; x_wconf 88' lang='lat' dir='ltr'>senientiam,</span> <span class='ocrx_word' id='word_1_200' title='bbox 622 2884 663 2926; x_wconf 86' lang='lat' dir='ltr'>sed</span> <span class='ocrx_word' id='word_1_201' title='bbox 684 2887 761 2926; x_wconf 87' lang='lat' dir='ltr'>lamen</span> <span class='ocrx_word' id='word_1_202' title='bbox 789 2883 867 2925; x_wconf 87' lang='lat' dir='ltr'>minus</span> <span class='ocrx_word' id='word_1_203' title='bbox 896 2881 1055 2936; x_wconf 83' lang='lat' dir='ltr'>probabiliter</span> <span class='ocrx_word' id='word_1_204' title='bbox 1083 2882 1183 2926; x_wconf 87' lang='lat' dir='ltr'>Lachm.</span> 
     </span>
     <span class='ocr_line' id='line_1_27' title="bbox 52 2950 1185 3006; baseline -0.001 -12"><span class='ocrx_word' id='word_1_205' title='bbox 52 2952 196 3004; x_wconf 81' lang='lat' dir='ltr'>suspicatos</span> <span class='ocrx_word' id='word_1_206' title='bbox 212 2954 268 2993; x_wconf 85' lang='lat' dir='ltr'>est:</span> <span class='ocrx_word' id='word_1_207' title='bbox 297 2954 357 2993; x_wconf 84' lang='lat' dir='ltr'>eunt</span> <span class='ocrx_word' id='word_1_208' title='bbox 370 2955 457 3006; x_wconf 81' lang='lat' dir='ltr'>partu.</span> <span class='ocrx_word' id='word_1_209' title='bbox 477 2951 611 3003; x_wconf 79' lang='lat' dir='ltr'>Fortasse:</span> <span class='ocrx_word' id='word_1_210' title='bbox 644 2963 693 2995; x_wconf 86' lang='lat' dir='ltr'>non</span> <span class='ocrx_word' id='word_1_211' title='bbox 714 2955 791 3003; x_wconf 81' lang='lat' dir='ltr'>uoto,</span> <span class='ocrx_word' id='word_1_212' title='bbox 824 2950 1022 3006; x_wconf 79' lang='lat' dir='ltr'>interrogationis</span> <span class='ocrx_word' id='word_1_213' title='bbox 1040 2952 1110 3006; x_wconf 79' lang='lat' dir='ltr'>signo</span> <span class='ocrx_word' id='word_1_214' title='bbox 1130 2955 1185 3004; x_wconf 90' lang='lat' dir='ltr'>post</span> 
     </span>
     <span class='ocr_line' id='line_1_28' title="bbox 48 3014 1184 3076; baseline 0 -15"><span class='ocrx_word' id='word_1_215' title='bbox 48 3018 137 3076; x_wconf 69' lang='lat' dir='ltr'>pedes</span> <span class='ocrx_word' id='word_1_216' title='bbox 164 3018 252 3072; x_wconf 89' lang='lat' dir='ltr'>posito.</span> <span class='ocrx_word' id='word_1_217' title='bbox 292 3014 333 3062; x_wconf 81' lang='lat'>60.</span> <span class='ocrx_word' id='word_1_218' title='bbox 353 3019 403 3062; x_wconf 86' lang='lat' dir='ltr'>Fea</span> <span class='ocrx_word' id='word_1_219' title='bbox 420 3020 449 3061; x_wconf 87' lang='lat' dir='ltr'>ad</span> <span class='ocrx_word' id='word_1_220' title='bbox 470 3020 556 3062; x_wconf 85' lang='lat' dir='ltr'>Horat.</span> <span class='ocrx_word' id='word_1_221' title='bbox 576 3019 655 3074; x_wconf 83' lang='lat' dir='ltr'>Epist.</span> <span class='ocrx_word' id='word_1_222' title='bbox 676 3017 700 3071; x_wconf 90' lang='grc'>2,</span> <span class='ocrx_word' id='word_1_223' title='bbox 722 3021 746 3073; x_wconf 71' lang='lat' dir='ltr'>i,</span> <span class='ocrx_word' id='word_1_224' title='bbox 770 3015 847 3062; x_wconf 82' lang='lat'>191.:</span> <span class='ocrx_word' id='word_1_225' title='bbox 885 3016 949 3060; x_wconf 80' lang='lat' dir='ltr'>illex</span> <span class='ocrx_word' id='word_1_226' title='bbox 968 3016 1079 3061; x_wconf 75' lang='lat' dir='ltr'>iratum</span> <span class='ocrx_word' id='word_1_227' title='bbox 1096 3019 1184 3061; x_wconf 80' lang='lat' dir='ltr'>muni-</span> 
     </span>
     <span class='ocr_line' id='line_1_29' title="bbox 51 3082 1186 3144; baseline -0.003 -13"><span class='ocrx_word' id='word_1_228' title='bbox 51 3088 105 3131; x_wconf 80' lang='lat' dir='ltr'>bus</span> <span class='ocrx_word' id='word_1_229' title='bbox 125 3099 216 3144; x_wconf 82' lang='lat' dir='ltr'>regum</span> <span class='ocrx_word' id='word_1_230' title='bbox 227 3082 337 3143; x_wconf 78' lang='lat' dir='ltr'>fortune</span> <span class='ocrx_word' id='word_1_231' title='bbox 355 3087 470 3131; x_wconf 79' lang='lat' dir='ltr'>retortia.</span> <span class='ocrx_word' id='word_1_232' title='bbox 490 3089 545 3130; x_wconf 82' lang='lat' dir='ltr'>inde</span> <span class='ocrx_word' id='word_1_233' title='bbox 567 3088 590 3131; x_wconf 84' lang='lat' dir='ltr'>h.</span> <span class='ocrx_word' id='word_1_234' title='bbox 611 3090 628 3131; x_wconf 92' lang='lat' dir='ltr'>l.</span> <span class='ocrx_word' id='word_1_235' title='bbox 649 3087 792 3133; x_wconf 85' lang='lat' dir='ltr'>auctoritate</span> <span class='ocrx_word' id='word_1_236' title='bbox 811 3087 873 3129; x_wconf 85' lang='lat' dir='ltr'>Mss.</span> <span class='ocrx_word' id='word_1_237' title='bbox 894 3087 1003 3129; x_wconf 86' lang='lat' dir='ltr'>emendat</span> <span class='ocrx_word' id='word_1_238' title='bbox 1021 3091 1111 3132; x_wconf 77' lang='lat' dir='ltr'>tracto,</span> <span class='ocrx_word' id='word_1_239' title='bbox 1153 3086 1186 3131; x_wconf 78' lang='lat' dir='ltr'>At</span> 
     </span>
     <span class='ocr_line' id='line_1_30' title="bbox 49 3153 1184 3206; baseline -0.002 -6"><span class='ocrx_word' id='word_1_240' title='bbox 49 3155 171 3206; x_wconf 67' lang='lat' dir='ltr'>Pyrrhus</span> <span class='ocrx_word' id='word_1_241' title='bbox 192 3155 293 3197; x_wconf 85' lang='lat' dir='ltr'>liomam</span> <span class='ocrx_word' id='word_1_242' title='bbox 311 3160 401 3199; x_wconf 85' lang='lat' dir='ltr'>tractus</span> <span class='ocrx_word' id='word_1_243' title='bbox 423 3169 470 3199; x_wconf 92' lang='lat' dir='ltr'>non</span> <span class='ocrx_word' id='word_1_244' title='bbox 492 3161 538 3202; x_wconf 87' lang='lat' dir='ltr'>est.</span> <span class='ocrx_word' id='word_1_245' title='bbox 597 3153 638 3199; x_wconf 74' lang='lat'>62.</span> <span class='ocrx_word' id='word_1_246' title='bbox 662 3154 698 3198; x_wconf 84' lang='lat' dir='ltr'>Ac</span> <span class='ocrx_word' id='word_1_247' title='bbox 725 3156 762 3198; x_wconf 82' lang='lat' dir='ltr'>vel</span> <span class='ocrx_word' id='word_1_248' title='bbox 787 3153 818 3197; x_wconf 80' lang='lat' dir='ltr'>Ae</span> <span class='ocrx_word' id='word_1_249' title='bbox 835 3153 931 3197; x_wconf 77' lang='lat' dir='ltr'>Decius</span> <span class='ocrx_word' id='word_1_250' title='bbox 949 3154 1028 3197; x_wconf 79' lang='lat' dir='ltr'>misso</span> <span class='ocrx_word' id='word_1_251' title='bbox 1048 3154 1124 3198; x_wconf 76' lang='lat' dir='ltr'>Codri.</span> <span class='ocrx_word' id='word_1_252' title='bbox 1150 3177 1184 3188; x_wconf 89' lang='lat'>-·</span> 
     </span>
     <span class='ocr_line' id='line_1_31' title="bbox 49 3219 1182 3282; baseline -0.004 -12"><span class='ocrx_word' id='word_1_253' title='bbox 49 3223 181 3270; x_wconf 78' lang='lat' dir='ltr'>Admisso</span> <span class='ocrx_word' id='word_1_254' title='bbox 197 3222 293 3266; x_wconf 82' lang='lat' dir='ltr'>Decius</span> <span class='ocrx_word' id='word_1_255' title='bbox 313 3224 376 3268; x_wconf 82' lang='lat' dir='ltr'>Sral.</span> <span class='ocrx_word' id='word_1_256' title='bbox 397 3224 461 3269; x_wconf 82' lang='lat' dir='ltr'>coni.</span> <span class='ocrx_word' id='word_1_257' title='bbox 481 3225 553 3282; x_wconf 78' lang='lat' dir='ltr'>vulgo</span> <span class='ocrx_word' id='word_1_258' title='bbox 571 3229 677 3278; x_wconf 87' lang='lat' dir='ltr'>recepta.</span> <span class='ocrx_word' id='word_1_259' title='bbox 698 3241 738 3276; x_wconf 7' lang='lat' dir='ltr'>-p</span> <span class='ocrx_word' id='word_1_260' title='bbox 755 3222 786 3266; x_wconf 84' lang='lat' dir='ltr'>At</span> <span class='ocrx_word' id='word_1_261' title='bbox 804 3235 918 3277; x_wconf 83' lang='lat' dir='ltr'>recepere</span> <span class='ocrx_word' id='word_1_262' title='bbox 938 3222 987 3266; x_wconf 87' lang='lat' dir='ltr'>lae.</span> <span class='ocrx_word' id='word_1_263' title='bbox 1007 3219 1054 3276; x_wconf 69' lang='lat' dir='ltr'>Li.</span> <span class='ocrx_word' id='word_1_264' title='bbox 1073 3262 1078 3267; x_wconf 83' lang='lat'>.</span> <span class='ocrx_word' id='word_1_265' title='bbox 1102 3219 1142 3267; x_wconf 76' lang='lat' dir='ltr'>bl.</span> <span class='ocrx_word' id='word_1_266' title='bbox 1164 3223 1182 3266; x_wconf 89' lang='lat' dir='ltr'>i.</span> 
     </span>
     <span class='ocr_line' id='line_1_32' title="bbox 51 3289 1185 3339; baseline 0.001 -5"><span class='ocrx_word' id='word_1_267' title='bbox 51 3308 76 3338; x_wconf 78' lang='lat' dir='ltr'>e.</span> <span class='ocrx_word' id='word_1_268' title='bbox 101 3293 142 3334; x_wconf 83' lang='lat' dir='ltr'>M.</span> <span class='ocrx_word' id='word_1_269' title='bbox 163 3293 275 3335; x_wconf 82' lang='lat' dir='ltr'>Valerius</span> <span class='ocrx_word' id='word_1_270' title='bbox 294 3291 388 3336; x_wconf 79' lang='lat' dir='ltr'>Corvus</span> <span class='ocrx_word' id='word_1_271' title='bbox 408 3307 432 3337; x_wconf 91' lang='lat' dir='ltr'>u.</span> <span class='ocrx_word' id='word_1_272' title='bbox 452 3307 474 3337; x_wconf 93' lang='lat' dir='ltr'>c.</span> <span class='ocrx_word' id='word_1_273' title='bbox 495 3290 554 3339; x_wconf 75' lang='lat'>4⁰5.</span> <span class='ocrx_word' id='word_1_274' title='bbox 608 3290 651 3337; x_wconf 72' lang='lat'>65.</span> <span class='ocrx_word' id='word_1_275' title='bbox 671 3290 837 3336; x_wconf 78' lang='lat' dir='ltr'>condiderant</span> <span class='ocrx_word' id='word_1_276' title='bbox 856 3305 868 3333; x_wconf 94' lang='lat' dir='ltr'>e</span> <span class='ocrx_word' id='word_1_277' title='bbox 893 3291 954 3334; x_wconf 83' lang='lat' dir='ltr'>Cdd.</span> <span class='ocrx_word' id='word_1_278' title='bbox 975 3291 1023 3334; x_wconf 84' lang='lat' dir='ltr'>lae.</span> <span class='ocrx_word' id='word_1_279' title='bbox 1044 3289 1091 3335; x_wconf 70' lang='lat' dir='ltr'>Li.</span> <span class='ocrx_word' id='word_1_280' title='bbox 1110 3291 1185 3335; x_wconf 88' lang='lat' dir='ltr'>Prae·</span> 
     </span>
     <span class='ocr_line' id='line_1_33' title="bbox 50 3357 1185 3416; baseline 0 -12"><span class='ocrx_word' id='word_1_281' title='bbox 50 3365 107 3404; x_wconf 82' lang='lat' dir='ltr'>stat</span> <span class='ocrx_word' id='word_1_282' title='bbox 138 3359 201 3414; x_wconf 85' lang='lat' dir='ltr'>perf.</span> <span class='ocrx_word' id='word_1_283' title='bbox 258 3357 299 3404; x_wconf 79' lang='lat'>67.</span> <span class='ocrx_word' id='word_1_284' title='bbox 326 3362 506 3405; x_wconf 80' lang='lat' dir='ltr'>Sententiarum</span> <span class='ocrx_word' id='word_1_285' title='bbox 533 3375 633 3406; x_wconf 83' lang='lat' dir='ltr'>nexum.</span> <span class='ocrx_word' id='word_1_286' title='bbox 651 3373 711 3404; x_wconf 85' lang='lat' dir='ltr'>unus</span> <span class='ocrx_word' id='word_1_287' title='bbox 739 3358 798 3404; x_wconf 85' lang='lat' dir='ltr'>vidit</span> <span class='ocrx_word' id='word_1_288' title='bbox 817 3359 936 3416; x_wconf 81' lang='lat' dir='ltr'>Vulpius:</span> <span class='ocrx_word' id='word_1_289' title='bbox 976 3357 1081 3403; x_wconf 80' lang='lat' dir='ltr'>Aeiiuen</span> <span class='ocrx_word' id='word_1_290' title='bbox 1110 3360 1185 3404; x_wconf 84' lang='lat' dir='ltr'>ricto·</span> 
     </span>
     <span class='ocr_line' id='line_1_34' title="bbox 49 3424 1183 3488; baseline -0.001 -16"><span class='ocrx_word' id='word_1_291' title='bbox 49 3430 100 3472; x_wconf 81' lang='lat' dir='ltr'>rior</span> <span class='ocrx_word' id='word_1_292' title='bbox 134 3424 239 3473; x_wconf 30' lang='lat' dir='ltr'>Caesar,</span> <span class='ocrx_word' id='word_1_293' title='bbox 259 3426 389 3488; x_wconf 75' lang='lat' dir='ltr'>Augustus</span> <span class='ocrx_word' id='word_1_294' title='bbox 419 3430 580 3487; x_wconf 83' lang='lat' dir='ltr'>Scipionum,</span> <span class='ocrx_word' id='word_1_295' title='bbox 610 3427 729 3483; x_wconf 76' lang='lat' dir='ltr'>Camilli,</span> <span class='ocrx_word' id='word_1_296' title='bbox 763 3427 875 3485; x_wconf 84' lang='lat' dir='ltr'>Pompeii</span> <span class='ocrx_word' id='word_1_297' title='bbox 903 3427 1014 3485; x_wconf 79' lang='lat' dir='ltr'>gloriam</span> <span class='ocrx_word' id='word_1_298' title='bbox 1034 3429 1183 3483; x_wconf 63' lang='lat' dir='ltr'>superarit.</span> 
     </span>
     <span class='ocr_line' id='line_1_35' title="bbox 50 3493 1218 3559; baseline -0.003 -17"><span class='ocrx_word' id='word_1_299' title='bbox 50 3498 115 3542; x_wconf 82' lang='lat' dir='ltr'>Non</span> <span class='ocrx_word' id='word_1_300' title='bbox 132 3496 243 3540; x_wconf 81' lang='lat' dir='ltr'>audiendi</span> <span class='ocrx_word' id='word_1_301' title='bbox 268 3498 342 3555; x_wconf 82' lang='lat' dir='ltr'>igitur</span> <span class='ocrx_word' id='word_1_302' title='bbox 362 3504 435 3551; x_wconf 87' lang='lat' dir='ltr'>sunt,</span> <span class='ocrx_word' id='word_1_303' title='bbox 458 3501 498 3556; x_wconf 92' lang='lat' dir='ltr'>qni</span> <span class='ocrx_word' id='word_1_304' title='bbox 518 3500 563 3543; x_wconf 84' lang='lat' dir='ltr'>hoe</span> <span class='ocrx_word' id='word_1_305' title='bbox 582 3499 701 3542; x_wconf 87' lang='lat' dir='ltr'>distichon</span> <span class='ocrx_word' id='word_1_306' title='bbox 732 3499 767 3541; x_wconf 84' lang='lat' dir='ltr'>vel</span> <span class='ocrx_word' id='word_1_307' title='bbox 784 3501 840 3551; x_wconf 91' lang='lat' dir='ltr'>post</span> <span class='ocrx_word' id='word_1_308' title='bbox 854 3509 877 3540; x_wconf 83' lang='lat' dir='ltr'>r.</span> <span class='ocrx_word' id='word_1_309' title='bbox 899 3493 941 3538; x_wconf 74' lang='grc'>46.</span> <span class='ocrx_word' id='word_1_310' title='bbox 961 3493 1072 3550; x_wconf 86' lang='lat' dir='ltr'>(Lachm.</span> <span class='ocrx_word' id='word_1_311' title='bbox 1089 3494 1127 3547; x_wconf 84' lang='lat'>1.)</span> <span class='ocrx_word' id='word_1_312' title='bbox 1151 3499 1186 3540; x_wconf 81' lang='lat' dir='ltr'>vel</span> <span class='ocrx_word' id='word_1_313' title='bbox 1216 3554 1218 3559; x_wconf 33' lang='grc' dir='ltr'>Ι</span> 
     </span>
     <span class='ocr_line' id='line_1_36' title="bbox 47 3562 1185 3624; baseline -0.002 -15"><span class='ocrx_word' id='word_1_314' title='bbox 47 3571 116 3622; x_wconf 81' lang='lat' dir='ltr'>poet</span> <span class='ocrx_word' id='word_1_315' title='bbox 134 3578 159 3609; x_wconf 85' lang='lat' dir='ltr'>v.</span> <span class='ocrx_word' id='word_1_316' title='bbox 182 3562 223 3609; x_wconf 86' lang='lat'>58.</span> <span class='ocrx_word' id='word_1_317' title='bbox 242 3566 515 3624; x_wconf 64' lang='lat' dir='ltr'>(rasceretur-oum.</span> <span class='ocrx_word' id='word_1_318' title='bbox 540 3564 639 3623; x_wconf 83' lang='lat' dir='ltr'>Burin.)</span> <span class='ocrx_word' id='word_1_319' title='bbox 663 3568 849 3613; x_wconf 82' lang='lat' dir='ltr'>collocaverunt.</span> <span class='ocrx_word' id='word_1_320' title='bbox 897 3563 1023 3620; x_wconf 87' lang='lat' dir='ltr'>Nunquam</span> <span class='ocrx_word' id='word_1_321' title='bbox 1059 3569 1100 3608; x_wconf 87' lang='lat' dir='ltr'>aut</span> <span class='ocrx_word' id='word_1_322' title='bbox 1128 3579 1185 3607; x_wconf 86' lang='lat' dir='ltr'>raro</span> 
     </span>
     <span class='ocr_line' id='line_1_37' title="bbox 48 3632 1187 3691; baseline 0 -13"><span class='ocrx_word' id='word_1_323' title='bbox 48 3636 121 3679; x_wconf 79' lang='lat' dir='ltr'>haec</span> <span class='ocrx_word' id='word_1_324' title='bbox 141 3635 310 3688; x_wconf 84' lang='lat' dir='ltr'>transponendi</span> <span class='ocrx_word' id='word_1_325' title='bbox 329 3637 454 3691; x_wconf 81' lang='lat' dir='ltr'>conamina</span> <span class='ocrx_word' id='word_1_326' title='bbox 472 3637 572 3691; x_wconf 66' lang='lat' dir='ltr'>criticis</span> <span class='ocrx_word' id='word_1_327' title='bbox 595 3640 762 3683; x_wconf 86' lang='lat' dir='ltr'>successerunt</span> <span class='ocrx_word' id='word_1_328' title='bbox 782 3636 806 3678; x_wconf 91' lang='lat' dir='ltr'>iu</span> <span class='ocrx_word' id='word_1_329' title='bbox 828 3634 905 3689; x_wconf 90' lang='lat' dir='ltr'>poetis</span> <span class='ocrx_word' id='word_1_330' title='bbox 927 3633 1057 3691; x_wconf 82' lang='lat' dir='ltr'>elegiacis,</span> <span class='ocrx_word' id='word_1_331' title='bbox 1089 3633 1128 3690; x_wconf 88' lang='lat' dir='ltr'>qui</span> <span class='ocrx_word' id='word_1_332' title='bbox 1151 3632 1187 3678; x_wconf 89' lang='lat' dir='ltr'>la·</span> 
     </span>
     <span class='ocr_line' id='line_1_38' title="bbox 51 3698 1185 3765; baseline -0.001 -18"><span class='ocrx_word' id='word_1_333' title='bbox 51 3701 178 3765; x_wconf 80' lang='lat' dir='ltr'>xioribus</span> <span class='ocrx_word' id='word_1_334' title='bbox 193 3715 263 3756; x_wconf 83' lang='lat' dir='ltr'>saepe</span> <span class='ocrx_word' id='word_1_335' title='bbox 279 3702 382 3746; x_wconf 77' lang='lat' dir='ltr'>vinculis</span> <span class='ocrx_word' id='word_1_336' title='bbox 399 3706 530 3749; x_wconf 84' lang='lat' dir='ltr'>sententias</span> <span class='ocrx_word' id='word_1_337' title='bbox 549 3705 629 3749; x_wconf 85' lang='lat' dir='ltr'>solent</span> <span class='ocrx_word' id='word_1_338' title='bbox 646 3703 808 3762; x_wconf 72' lang='lat' dir='ltr'>adstringere.</span> <span class='ocrx_word' id='word_1_339' title='bbox 847 3698 959 3746; x_wconf 86' lang='lat' dir='ltr'>Ceterum</span> <span class='ocrx_word' id='word_1_340' title='bbox 978 3702 1077 3750; x_wconf 86' lang='lat' dir='ltr'>Lachm.</span> <span class='ocrx_word' id='word_1_341' title='bbox 1098 3705 1121 3746; x_wconf 91' lang='lat' dir='ltr'>in</span> <span class='ocrx_word' id='word_1_342' title='bbox 1139 3703 1185 3746; x_wconf 88' lang='lat' dir='ltr'>Ed.</span> 
     </span>
     <span class='ocr_line' id='line_1_39' title="bbox 49 3768 1243 3829; baseline 0 -15"><span class='ocrx_word' id='word_1_343' title='bbox 49 3784 99 3827; x_wconf 54' lang='lat' dir='ltr'>pr,</span> <span class='ocrx_word' id='word_1_344' title='bbox 122 3770 189 3829; x_wconf 76' lang='lat' dir='ltr'>dedit</span> <span class='ocrx_word' id='word_1_345' title='bbox 205 3768 317 3827; x_wconf 75' lang='lat' dir='ltr'>Bosporo</span> <span class='ocrx_word' id='word_1_346' title='bbox 335 3776 406 3827; x_wconf 85' lang='lat' dir='ltr'>capte</span> <span class='ocrx_word' id='word_1_347' title='bbox 424 3785 454 3815; x_wconf 83' lang='lat' dir='ltr'>ex</span> <span class='ocrx_word' id='word_1_348' title='bbox 472 3773 563 3817; x_wconf 82' lang='lat' dir='ltr'>Heiusii</span> <span class='ocrx_word' id='word_1_349' title='bbox 584 3774 731 3816; x_wconf 85' lang='lat' dir='ltr'>coniectura.</span> <span class='ocrx_word' id='word_1_350' title='bbox 769 3772 859 3816; x_wconf 83' lang='lat' dir='ltr'>Contra</span> <span class='ocrx_word' id='word_1_351' title='bbox 877 3772 925 3816; x_wconf 89' lang='lat' dir='ltr'>lac.</span> <span class='ocrx_word' id='word_1_352' title='bbox 946 3769 992 3814; x_wconf 84' lang='grc' dir='ltr'><strong>Ι.2.</strong></span> <span class='ocrx_word' id='word_1_353' title='bbox 1012 3769 1124 3828; x_wconf 75' lang='lat' dir='ltr'>Bosporo</span> <span class='ocrx_word' id='word_1_354' title='bbox 1142 3785 1184 3814; x_wconf 85' lang='lat' dir='ltr'>cn·</span> <span class='ocrx_word' id='word_1_355' title='bbox 1235 3811 1243 3826; x_wconf 75' lang='lat'>‚</span> 
     </span>
     <span class='ocr_line' id='line_1_40' title="bbox 43 3837 1185 3898; baseline 0.001 -16"><span class='ocrx_word' id='word_1_356' title='bbox 43 3846 101 3898; x_wconf 82' lang='lat' dir='ltr'>piu</span> <span class='ocrx_word' id='word_1_357' title='bbox 125 3852 137 3881; x_wconf 96' lang='lat' dir='ltr'>e</span> <span class='ocrx_word' id='word_1_358' title='bbox 158 3837 220 3880; x_wconf 77' lang='lat' dir='ltr'>Cin.</span> <span class='ocrx_word' id='word_1_359' title='bbox 240 3851 284 3891; x_wconf 89' lang='lat' dir='ltr'>pro</span> <span class='ocrx_word' id='word_1_360' title='bbox 312 3840 377 3896; x_wconf 81' lang='lat' dir='ltr'>vulg.</span> <span class='ocrx_word' id='word_1_361' title='bbox 397 3837 514 3897; x_wconf 81' lang='lat' dir='ltr'>Bosporo</span> <span class='ocrx_word' id='word_1_362' title='bbox 532 3846 615 3898; x_wconf 81' lang='lat' dir='ltr'>copie.</span> <span class='ocrx_word' id='word_1_363' title='bbox 653 3841 706 3884; x_wconf 85' lang='lat' dir='ltr'>Cir.</span> <span class='ocrx_word' id='word_1_364' title='bbox 727 3841 803 3894; x_wconf 86' lang='lat' dir='ltr'>(laud.</span> <span class='ocrx_word' id='word_1_365' title='bbox 824 3838 884 3892; x_wconf 83' lang='lat' dir='ltr'>lac.)</span> <span class='ocrx_word' id='word_1_366' title='bbox 903 3841 1051 3895; x_wconf 81' lang='lat' dir='ltr'>Schneiderl</span> <span class='ocrx_word' id='word_1_367' title='bbox 1061 3840 1108 3886; x_wconf 87' lang='lat' dir='ltr'>Gr.</span> <span class='ocrx_word' id='word_1_368' title='bbox 1128 3839 1185 3884; x_wconf 81' lang='lat' dir='ltr'>Lai.</span> 
     </span>
     <span class='ocr_line' id='line_1_41' title="bbox 49 3901 925 3963; baseline 0.002 -13"><span class='ocrx_word' id='word_1_369' title='bbox 49 3906 80 3951; x_wconf 97' lang='grc'>2.</span> <span class='ocrx_word' id='word_1_370' title='bbox 106 3919 133 3960; x_wconf 87' lang='lat' dir='ltr'>p.</span> <span class='ocrx_word' id='word_1_371' title='bbox 156 3901 199 3948; x_wconf 75' lang='grc'>46,</span> <span class='ocrx_word' id='word_1_372' title='bbox 238 3906 358 3960; x_wconf 82' lang='lat' dir='ltr'>Sulpicius</span> <span class='ocrx_word' id='word_1_373' title='bbox 377 3908 431 3951; x_wconf 79' lang='lat' dir='ltr'>Ser.</span> <span class='ocrx_word' id='word_1_374' title='bbox 452 3910 515 3953; x_wconf 81' lang='lat' dir='ltr'>Dial.</span> <span class='ocrx_word' id='word_1_375' title='bbox 538 3908 561 3958; x_wconf 87' lang='lat'>1.</span> <span class='ocrx_word' id='word_1_376' title='bbox 582 3907 625 3953; x_wconf 87' lang='grc'>26.</span> <span class='ocrx_word' id='word_1_377' title='bbox 661 3906 790 3963; x_wconf 77' lang='lat' dir='ltr'>Bosporus</span> <span class='ocrx_word' id='word_1_378' title='bbox 808 3908 925 3952; x_wconf 79' lang='lat' dir='ltr'>excluso.</span> 
     </span>
     <span class='ocr_line' id='line_1_42' title="bbox 361 3975 895 4031; baseline 0 -13"><span class='ocrx_word' id='word_1_379' title='bbox 361 3975 416 4018; x_wconf 83' lang='lat' dir='ltr'>Lm.</span> <span class='ocrx_word' id='word_1_380' title='bbox 437 3977 482 4021; x_wconf 89' lang='grc' dir='ltr'><strong>ΙΙΙ.</strong></span> <span class='ocrx_word' id='word_1_381' title='bbox 519 3978 616 4021; x_wconf 79' lang='lat' dir='ltr'>ELEG.</span> <span class='ocrx_word' id='word_1_382' title='bbox 635 3977 717 4021; x_wconf 76' lang='lat' dir='ltr'>xvti.</span> <span class='ocrx_word' id='word_1_383' title='bbox 737 3975 792 4031; x_wconf 76' lang='lat' dir='ltr'>(tv.</span> <span class='ocrx_word' id='word_1_384' title='bbox 812 3976 895 4029; x_wconf 69' lang='grc' dir='ltr'><strong>ΠΙ.)</strong></span> 
     </span>
    </p>

    <p class='ocr_par' dir='ltr' id='par_1_13' title="bbox 46 4041 1234 4238">
     <span class='ocr_line' id='line_1_43' title="bbox 132 4041 1234 4101; baseline -0.001 -13"><span class='ocrx_word' id='word_1_385' title='bbox 132 4041 159 4088; x_wconf 87' lang='grc'>2.</span> <span class='ocrx_word' id='word_1_386' title='bbox 177 4046 270 4099; x_wconf 81' lang='lat' dir='ltr'>pacato</span> <span class='ocrx_word' id='word_1_387' title='bbox 288 4056 342 4086; x_wconf 87' lang='lat' dir='ltr'>eum</span> <span class='ocrx_word' id='word_1_388' title='bbox 362 4043 421 4087; x_wconf 81' lang='lat' dir='ltr'>cdd.</span> <span class='ocrx_word' id='word_1_389' title='bbox 441 4047 514 4099; x_wconf 83' lang='lat' dir='ltr'>anp.</span> <span class='ocrx_word' id='word_1_390' title='bbox 535 4047 584 4088; x_wconf 85' lang='lat' dir='ltr'>lae.</span> <span class='ocrx_word' id='word_1_391' title='bbox 607 4043 654 4101; x_wconf 59' lang='lat' dir='ltr'>Li.</span> <span class='ocrx_word' id='word_1_392' title='bbox 691 4046 761 4099; x_wconf 84' lang='lat' dir='ltr'>„Hoc</span> <span class='ocrx_word' id='word_1_393' title='bbox 779 4044 875 4098; x_wconf 86' lang='lat' dir='ltr'>recepi,</span> <span class='ocrx_word' id='word_1_394' title='bbox 902 4046 957 4099; x_wconf 87' lang='lat' dir='ltr'>quia</span> <span class='ocrx_word' id='word_1_395' title='bbox 976 4045 1041 4098; x_wconf 82' lang='lat' dir='ltr'>paris</span> <span class='ocrx_word' id='word_1_396' title='bbox 1060 4056 1102 4096; x_wconf 87' lang='lat' dir='ltr'>por</span> <span class='ocrx_word' id='word_1_397' title='bbox 1127 4043 1185 4087; x_wconf 83' lang='lat' dir='ltr'>Bac·</span> <span class='ocrx_word' id='word_1_398' title='bbox 1229 4074 1234 4081; x_wconf 72' lang='grc'><strong>-</strong></span> 
     </span>
     <span class='ocr_line' id='line_1_44' title="bbox 47 4109 1186 4170; baseline -0.006 -11"><span class='ocrx_word' id='word_1_399' title='bbox 47 4116 133 4159; x_wconf 78' lang='lat' dir='ltr'>clinm</span> <span class='ocrx_word' id='word_1_400' title='bbox 152 4112 316 4164; x_wconf 86' lang='lat' dir='ltr'>impetrandae</span> <span class='ocrx_word' id='word_1_401' title='bbox 342 4112 448 4170; x_wconf 81' lang='lat' dir='ltr'>precatio</span> <span class='ocrx_word' id='word_1_402' title='bbox 473 4125 618 4167; x_wconf 75' lang='lat' dir='ltr'>perversus</span> <span class='ocrx_word' id='word_1_403' title='bbox 642 4125 709 4169; x_wconf 88' lang='lat' dir='ltr'>seqq.</span> <span class='ocrx_word' id='word_1_404' title='bbox 729 4117 811 4167; x_wconf 87' lang='lat' dir='ltr'>aperte</span> <span class='ocrx_word' id='word_1_405' title='bbox 832 4111 986 4166; x_wconf 84' lang='lat' dir='ltr'>exponitur.&#39;’</span> <span class='ocrx_word' id='word_1_406' title='bbox 1011 4111 1058 4156; x_wconf 86' lang='lat' dir='ltr'>lae.</span> <span class='ocrx_word' id='word_1_407' title='bbox 1079 4130 1108 4141; x_wconf 89' lang='lat'><em>-</em></span> <span class='ocrx_word' id='word_1_408' title='bbox 1128 4109 1186 4152; x_wconf 83' lang='lat' dir='ltr'>inc-</span> 
     </span>
     <span class='ocr_line' id='line_1_45' title="bbox 46 4177 1019 4238; baseline -0.008 -11"><span class='ocrx_word' id='word_1_409' title='bbox 46 4181 135 4227; x_wconf 79' lang='lat' dir='ltr'>elrato</span> <span class='ocrx_word' id='word_1_410' title='bbox 156 4177 224 4235; x_wconf 85' lang='lat' dir='ltr'>(curn</span> <span class='ocrx_word' id='word_1_411' title='bbox 242 4178 288 4235; x_wconf 78' lang='lat' dir='ltr'>Cd.</span> <span class='ocrx_word' id='word_1_412' title='bbox 309 4177 440 4237; x_wconf 71' lang='lat' dir='ltr'>Grouing.)</span> <span class='ocrx_word' id='word_1_413' title='bbox 459 4181 548 4238; x_wconf 73' lang='lat' dir='ltr'>Vulgo.</span> <span class='ocrx_word' id='word_1_414' title='bbox 569 4200 601 4212; x_wconf 92' lang='lat'>-</span> <span class='ocrx_word' id='word_1_415' title='bbox 618 4177 749 4237; x_wconf 76' lang='lat' dir='ltr'>lymphato</span> <span class='ocrx_word' id='word_1_416' title='bbox 766 4180 850 4235; x_wconf 81' lang='lat' dir='ltr'>Burni.</span> <span class='ocrx_word' id='word_1_417' title='bbox 865 4179 929 4221; x_wconf 88' lang='lat' dir='ltr'>coni.</span> <span class='ocrx_word' id='word_1_418' title='bbox 1017 4232 1019 4235; x_wconf 17' lang='grc' dir='ltr'>ι</span> 
     </span>
    </p>
   </div>
   <div class='ocr_carea' id='block_1_5' title="bbox 0 0 1380 4744">
    <p class='ocr_par' dir='ltr' id='par_1_14' title="bbox 0 0 1380 4744">
     <span class='ocr_line' id='line_1_46' title="bbox 0 0 1380 4744; baseline 0 0"><span class='ocrx_word' id='word_1_419' title='bbox 0 0 1380 4744; x_wconf 95' lang='lat' dir='ltr'> </span> 
     </span>
    </p>
   </div>
  </div>
 </body>
</html>
