2762 4762
120 380 282 441 Munitum
305 391 397 442 seuto
416 376 482 441 ‘tela
507 377 616 440 tiuarere
640 378 739 440 nolas.

58 452 209 544 Cominius
233 480 446 563 aggrediens,
469 489 650 560 protentam
675 481 808 563 quilibet
832 482 953 545 hastam
980 556 982 559 Ι

120 583 182 644 Vel
206 581 347 664 gladium
368 581 476 644 hostili
501 579 656 662 deprimat
680 582 711 642 in
733 582 849 645 latere:
899 582 902 588 ’

57 684 196 746 Haereat
216 695 251 762 ,et
272 694 397 744 scutum
420 693 512 745 sento
535 681 720 766 stabilisque
742 683 813 765 pedi
836 704 915 766 pes,

120 786 200 846 'l'iuu
225 774 452 856 eonus‘eouo,
478 795 543 846 tum
567 783 676 865 galeae
700 786 810 866 galea:

56 885 194 948 Pectora
218 883 403 965 pectoribus
426 885 561 956 eo‘e'ant;
585 882 631 945 sie
652 883 750 964 ipsius
774 886 876 949 hostis

119 985 181 1046 Vel
205 985 301 1046 telum
327 984 469 1046 manibus
490 983 638 1065 prendite
663 986 714 1047 vel
737 987 896 1066 capulum.

9 1068 18 1079 ⁴
56 1088 109 1147 Tu
131 1106 209 1148 vero
233 1087 353 1147 interea
378 1085 462 1146 veles
484 1097 559 1165 post
580 1098 668 1148 scuta
691 1087 863 1165 latescens,

118 1187 188 1246 Nee
212 1186 347 1266 lapidum
371 1184 476 1247 densis
497 1185 651 1247 imbribus
674 1189 834 1263 obruere,
897 1214 903 1221 ·

31 1287 125 1374 'Nee
147 1307 236 1347 cessa
260 1285 370 1347 iaculis
393 1288 570 1348 obstantem
594 1287 695 1368 figere
718 1291 862 1353 turbam:

119 1389 166 1450 Te
189 1399 279 1468 teget
302 1399 424 1450 arruato
446 1387 541 1450 milite
564 1393 659 1451 densa
683 1390 816 1454 cohors.

589 1573 638 1635 ll.

54 1711 129 1773 Non
151 1710 218 1772 ullo
242 1710 274 1771 in
296 1709 422 1791 pretio,
446 1706 509 1772 hon
533 1711 595 1773 ulla
618 1711 709 1774 laude
731 1715 907 1789 notandus,

117 1811 193 1874 Sive
216 1810 304 1893 pedis
328 1811 440 1872 celeris
463 1810 531 1873 sive
554 1806 662 1875 manus
686 1812 822 1896 pugilis,
870 1840 876 1845 ·

55 1912 101 1975 Sit
123 1911 196 1974 lieet
221 1924 253 1974 et
277 1911 569 1992 vasto-Cyelopum
594 1918 734 1994 corpore
758 1902 859 1996 maior

116 2016 160 2076 Et
182 2023 312 2095 superet
333 2033 429 2075 cursu
454 2013 637 2085 'l'hreieimu
662 2016 817 2093 Boream,
860 2078 867 2089 ,

55 2117 135 2178 'l'um
158 2116 311 2195 pulchrae
334 2113 440 2175 vineat
463 2114 635 2177 Tithonum
661 2137 788 2179 rrumere
812 2116 952 2196 formae,
1048 2161 1053 2169 ,
1153 2124 1173 2186 5

113 2215 246 2279 Divitiis
270 2215 423 2294 Cinyram
445 2215 630 2300 divitiisque
652 2218 794 2292 Midam,

54 2317 251 2379 'l'autalidam
275 2318 431 2397 Pelopem
455 2317 570 2380 diffuso
592 2317 690 2380 limite
712 2318 823 2402 regni,

116 2419 289 2481 Adrastum
312 2417 417 2480 blandi
440 2417 575 2480 vocibus
598 2418 735 2500 eloquii,

54 2518 168 2583 Omnia
193 2518 271 2602 quin
293 2519 425 2593 habeat,
449 2517 477 2580 si
499 2516 579 2581 desit
601 2506 718 2582 adorea
740 2521 834 2585 belli:

115 2620 243 2701 Quippe
266 2641 340 2681 usus
363 2619 467 2682 nullos
490 2631 634 2701 tempore
657 2618 774 2683 Martis
797 2625 909 2700 habet,

52 2720 115 2799 Qui
138 2742 206 2793 non,
223 2720 397 2802 intrepidus
419 2722 545 2782 eaedem
569 2720 712 2801 spectare
736 2737 898 2785 cruentam

114 2820 373 2901 Consertumque
395 2819 481 2883 hosti
504 2823 622 2904 gaudet
643 2822 760 2884 habere
782 2827 907 2903 pedem.
954 2828 958 2840 '

50 2923 127 2985 Hoc
149 2942 224 2983 vere
245 2920 382 2985 solidum
405 2932 564 2983 certamen
588 2932 619 2983 et
641 2923 731 2984 uniea
755 2922 879 3003 virtus,

114 3025 259 3087 Aeteroo
281 3023 412 3085 iuvenes
434 3043 513 3106 quae
536 3024 666 3085 decorat
689 3026 818 3088 decore.
905 3024 917 3051 ‘⁴

48 3127 117 3189 Res
140 3124 270 3206 populi,
295 3145 463 3186 commune
485 3127 604 3186 bonum
628 3123 676 3186 vir
698 3126 820 3188 robore
843 3138 1030 3208 praestans,
1129 3132 1168 3195 15

113 3227 270 3287 Immotos
293 3224 402 3307 primis
426 3224 480 3307 qui
502 3223 617 3286 statio
641 3225 826 3305 ordinibus,

51 3322 361 3409 Oblitusq‘uefugae
385 3326 471 3389 veuit
493 3326 524 3388 iu'
546 3326 716 3388 certamina
740 3328 878 3403 Martis,

115 3426 278 3490 Adiieiens
300 3427 454 3503 animum,
478 3425 650 3508 proiieiens
673 3417 829 3492 animam:
920 3492 923 3498 ,

49 3528 115 3609 Qui
137 3539 275 3609 propter
295 3539 428 3590 stantem
451 3549 626 3610 generosae
649 3529 760 3592 mortis
783 3551 892 3594 amore

114 3628 283 3695 Concitat:
307 3630 391 3691 hune
413 3629 499 3692 bello
522 3628 640 3691 dixeris
664 3632 849 3713 egregium:
950 3674 956 3688 ι
1121 3616 1169 3698 90

50 3732 156 3812 Quem
178 3731 286 3794 subito
308 3730 440 3794 hostiles
463 3728 606 3813 pavitant
627 3731 828 3814 fugitautque
850 3745 1016 3813 catervae,

115 3831 180 3913 Qui
202 3833 277 3895 belli
298 3833 414 3895 fluetus
436 3844 504 3894 arte
529 3831 682 3915 manuque
704 3832 806 3915 regit,

51 3933 119 4012 Qui·
138 3933 259 3996 dulcem
283 3933 412 4009 amittit,
437 3931 652 4013 sedprimus,
675 3932 705 3993 iu
729 3933 854 4016 agmine
877 3934 992 4001 vitam:

115 4036 260 4116 Magnus
282 4036 386 4097 honor
409 4033 541 4117 generi,
566 4055 698 4116 magnus
720 4035 826 4098 honor
848 4037 988 4117 patriae:
1086 4113 1090 4116 y

50 4136 196 4199 Volnera
222 4137 316 4197 uudta
339 4136 466 4210 serens,
491 4138 623 4197 adversa
647 4139 702 4201 se'd
725 4137 847 4214 omnia,
872 4137 965 4200 fosso
1128 4141 1169 4204 25

112 4239 280 4316 Pectore,
305 4238 406 4302 lorica
429 4258 488 4301 nee
510 4237 613 4301 minus
635 4250 666 4301 et
687 4237 805 4321 clipeo.
