<?xml version="1.0" encoding="UTF-8"?>
<!DOCTYPE html PUBLIC "-//W3C//DTD XHTML 1.0 Transitional//EN"
    "http://www.w3.org/TR/xhtml1/DTD/xhtml1-transitional.dtd">
<html xmlns="http://www.w3.org/1999/xhtml" xml:lang="en" lang="en">
 <head>
  <title>
</title>
<meta http-equiv="Content-Type" content="text/html;charset=utf-8" />
  <meta name='ocr-system' content='tesseract 3.04.00' />
  <meta name='ocr-capabilities' content='ocr_page ocr_carea ocr_par ocr_line ocrx_word'/>
</head>
<body>
  <div class='ocr_page' id='page_1' title='image "./eclogaepoetarum02orelgoog_0209.png"; bbox 0 0 2750 4744; ppageno 0'>
   <div class='ocr_carea' id='block_1_1' title="bbox 207 176 380 244">
    <p class='ocr_par' dir='ltr' id='par_1_1' title="bbox 207 176 380 244">
     <span class='ocr_line' id='line_1_1' title="bbox 207 176 380 244; baseline -0.017 -1"><span class='ocrx_word' id='word_1_1' title='bbox 207 180 275 244; x_wconf 76' lang='lat' dir='ltr'><strong>tte·</strong></span> <span class='ocrx_word' id='word_1_2' title='bbox 367 176 380 193; x_wconf 68' lang='lat'><em>⁶</em></span> 
     </span>
    </p>
   </div>
   <div class='ocr_carea' id='block_1_2' title="bbox 136 328 1160 2531">
    <p class='ocr_par' dir='ltr' id='par_1_2' title="bbox 136 328 1160 1523">
     <span class='ocr_line' id='line_1_2' title="bbox 208 328 1062 398; baseline -0.006 -1"><span class='ocrx_word' id='word_1_3' title='bbox 208 335 242 398; x_wconf 91' lang='lat' dir='ltr'><strong>Si</strong></span> <span class='ocrx_word' id='word_1_4' title='bbox 264 346 296 396; x_wconf 89' lang='lat' dir='ltr'><strong>te</strong></span> <span class='ocrx_word' id='word_1_5' title='bbox 318 334 405 396; x_wconf 80' lang='lat' dir='ltr'><strong>sorte</strong></span> <span class='ocrx_word' id='word_1_6' title='bbox 426 332 538 394; x_wconf 88' lang='lat' dir='ltr'><strong>iuvant</strong></span> <span class='ocrx_word' id='word_1_7' title='bbox 559 330 672 394; x_wconf 82' lang='lat' dir='ltr'>Helles</span> <span class='ocrx_word' id='word_1_8' title='bbox 697 328 943 393; x_wconf 72' lang='lat' dir='ltr'><strong>Athamantidos</strong></span> <span class='ocrx_word' id='word_1_9' title='bbox 966 330 1062 392; x_wconf 86' lang='lat' dir='ltr'><strong>urbes</strong></span> 
     </span>
     <span class='ocr_line' id='line_1_3' title="bbox 269 433 1038 508; baseline -0.008 -9"><span class='ocrx_word' id='word_1_10' title='bbox 269 439 341 499; x_wconf 88' lang='lat' dir='ltr'><strong>Nec</strong></span> <span class='ocrx_word' id='word_1_11' title='bbox 362 433 540 508; x_wconf 89' lang='lat' dir='ltr'><strong>desiderio,</strong></span> <span class='ocrx_word' id='word_1_12' title='bbox 566 433 680 506; x_wconf 83' lang='lat' dir='ltr'>Tulle,</span> <span class='ocrx_word' id='word_1_13' title='bbox 705 452 835 494; x_wconf 89' lang='lat' dir='ltr'><strong>movere</strong></span> <span class='ocrx_word' id='word_1_14' title='bbox 859 452 932 494; x_wconf 93' lang='lat' dir='ltr'><strong>meo</strong></span> <span class='ocrx_word' id='word_1_15' title='bbox 948 476 978 506; x_wconf 79' lang='lat'><strong>,.</strong></span> <span class='ocrx_word' id='word_1_16' title='bbox 1033 490 1038 499; x_wconf 85' lang='grc'>,</span> 
     </span>
     <span class='ocr_line' id='line_1_4' title="bbox 208 533 1137 616; baseline -0.006 -16"><span class='ocrx_word' id='word_1_17' title='bbox 208 540 260 600; x_wconf 85' lang='lat' dir='ltr'><strong>&#39;l&#39;u</strong></span> <span class='ocrx_word' id='word_1_18' title='bbox 283 537 357 599; x_wconf 89' lang='lat' dir='ltr'><strong>licet</strong></span> <span class='ocrx_word' id='word_1_19' title='bbox 378 533 535 616; x_wconf 82' lang='lat' dir='ltr'>adspicias</span> <span class='ocrx_word' id='word_1_20' title='bbox 558 533 680 596; x_wconf 88' lang='lat' dir='ltr'><strong>caelum</strong></span> <span class='ocrx_word' id='word_1_21' title='bbox 704 553 797 596; x_wconf 90' lang='lat' dir='ltr'><strong>omne</strong></span> <span class='ocrx_word' id='word_1_22' title='bbox 818 533 950 599; x_wconf 86' lang='lat' dir='ltr'><strong>Atlanta</strong></span> <span class='ocrx_word' id='word_1_23' title='bbox 973 543 1137 615; x_wconf 80' lang='lat' dir='ltr'><strong>gerentem</strong></span> 
     </span>
     <span class='ocr_line' id='line_1_5' title="bbox 271 633 1160 722; baseline -0.007 -22"><span class='ocrx_word' id='word_1_24' title='bbox 271 639 428 722; x_wconf 83' lang='lat' dir='ltr'><strong>Sectaque</strong></span> <span class='ocrx_word' id='word_1_25' title='bbox 451 637 572 699; x_wconf 89' lang='lat' dir='ltr'><strong>Persea</strong></span> <span class='ocrx_word' id='word_1_26' title='bbox 594 633 777 716; x_wconf 80' lang='lat' dir='ltr'><strong>Phorcidos</strong></span> <span class='ocrx_word' id='word_1_27' title='bbox 801 653 993 707; x_wconf 78' lang='lat' dir='ltr'><strong>aramenta,</strong></span> <span class='ocrx_word' id='word_1_28' title='bbox 1018 690 1022 695; x_wconf 82' lang='grc'><strong>.</strong></span> <span class='ocrx_word' id='word_1_29' title='bbox 1156 647 1160 652; x_wconf 88' lang='grc'><strong>’</strong></span> 
     </span>
     <span class='ocr_line' id='line_1_6' title="bbox 208 733 1106 819; baseline -0.01 -15"><span class='ocrx_word' id='word_1_30' title='bbox 208 741 383 819; x_wconf 84' lang='lat' dir='ltr'><strong>Geryonae</strong></span> <span class='ocrx_word' id='word_1_31' title='bbox 408 735 531 799; x_wconf 88' lang='lat' dir='ltr'><strong>stabula</strong></span> <span class='ocrx_word' id='word_1_32' title='bbox 554 746 586 797; x_wconf 90' lang='lat' dir='ltr'><strong>et</strong></span> <span class='ocrx_word' id='word_1_33' title='bbox 606 735 779 797; x_wconf 86' lang='lat' dir='ltr'><strong>luctantum</strong></span> <span class='ocrx_word' id='word_1_34' title='bbox 801 733 832 795; x_wconf 89' lang='lat' dir='ltr'><strong>in</strong></span> <span class='ocrx_word' id='word_1_35' title='bbox 856 734 991 814; x_wconf 84' lang='lat' dir='ltr'><strong>pulvere</strong></span> <span class='ocrx_word' id='word_1_36' title='bbox 1014 736 1106 818; x_wconf 85' lang='lat' dir='ltr'><strong>sigua</strong></span> 
     </span>
     <span class='ocr_line' id='line_1_7' title="bbox 268 833 1089 919; baseline -0.009 -16"><span class='ocrx_word' id='word_1_37' title='bbox 268 839 420 903; x_wconf 88' lang='lat' dir='ltr'><strong>Herculis</strong></span> <span class='ocrx_word' id='word_1_38' title='bbox 443 836 625 919; x_wconf 74' lang='lat' dir='ltr'><strong>Antaeique</strong></span> <span class='ocrx_word' id='word_1_39' title='bbox 648 833 926 916; x_wconf 82' lang='lat' dir='ltr'><strong>Hesperidumque</strong></span> <span class='ocrx_word' id='word_1_40' title='bbox 949 836 1089 911; x_wconf 91' lang='lat' dir='ltr'><strong>choros,</strong></span> 
     </span>
     <span class='ocr_line' id='line_1_8' title="bbox 179 932 1058 1022; baseline -0.009 -18"><span class='ocrx_word' id='word_1_41' title='bbox 179 932 188 947; x_wconf 26' lang='grc' dir='ltr'><strong>Χ</strong></span> <span class='ocrx_word' id='word_1_42' title='bbox 208 945 325 1022; x_wconf 83' lang='lat' dir='ltr'><strong>Tuque</strong></span> <span class='ocrx_word' id='word_1_43' title='bbox 347 951 404 1002; x_wconf 88' lang='lat' dir='ltr'><strong>tuo</strong></span> <span class='ocrx_word' id='word_1_44' title='bbox 427 937 585 1002; x_wconf 83' lang='lat' dir='ltr'><strong>Colchum</strong></span> <span class='ocrx_word' id='word_1_45' title='bbox 608 936 772 1017; x_wconf 75' lang='lat' dir='ltr'><strong>propellas</strong></span> <span class='ocrx_word' id='word_1_46' title='bbox 794 935 915 1020; x_wconf 85' lang='lat' dir='ltr'><strong>remige</strong></span> <span class='ocrx_word' id='word_1_47' title='bbox 938 934 1058 999; x_wconf 87' lang='lat' dir='ltr'><strong>Phasin</strong></span> 
     </span>
     <span class='ocr_line' id='line_1_9' title="bbox 136 1036 1029 1123; baseline -0.007 -17"><span class='ocrx_word' id='word_1_48' title='bbox 136 1116 142 1123; x_wconf 86' lang='lat'><strong>.</strong></span> <span class='ocrx_word' id='word_1_49' title='bbox 269 1041 479 1123; x_wconf 84' lang='lat' dir='ltr'><strong>Peliacaeque</strong></span> <span class='ocrx_word' id='word_1_50' title='bbox 500 1037 600 1100; x_wconf 78' lang='lat' dir='ltr'><strong>trabis</strong></span> <span class='ocrx_word' id='word_1_51' title='bbox 621 1049 724 1100; x_wconf 85' lang='lat' dir='ltr'><strong>totum</strong></span> <span class='ocrx_word' id='word_1_52' title='bbox 746 1036 806 1098; x_wconf 90' lang='lat' dir='ltr'><strong>iter</strong></span> <span class='ocrx_word' id='word_1_53' title='bbox 827 1036 897 1117; x_wconf 92' lang='lat' dir='ltr'><strong>ipse</strong></span> <span class='ocrx_word' id='word_1_54' title='bbox 919 1037 1029 1119; x_wconf 86' lang='lat' dir='ltr'><strong>legas,</strong></span> 
     </span>
     <span class='ocr_line' id='line_1_10' title="bbox 209 1137 1012 1222; baseline -0.007 -18"><span class='ocrx_word' id='word_1_55' title='bbox 209 1143 280 1222; x_wconf 88' lang='lat' dir='ltr'><strong>Qua</strong></span> <span class='ocrx_word' id='word_1_56' title='bbox 302 1140 389 1204; x_wconf 90' lang='lat' dir='ltr'><strong>rudis</strong></span> <span class='ocrx_word' id='word_1_57' title='bbox 412 1143 528 1221; x_wconf 85' lang='lat' dir='ltr'><strong>Argoa</strong></span> <span class='ocrx_word' id='word_1_58' title='bbox 550 1149 636 1200; x_wconf 88' lang='lat' dir='ltr'><strong>natat</strong></span> <span class='ocrx_word' id='word_1_59' title='bbox 658 1137 740 1199; x_wconf 91' lang='lat' dir='ltr'><strong>inter</strong></span> <span class='ocrx_word' id='word_1_60' title='bbox 761 1158 840 1200; x_wconf 85' lang='lat' dir='ltr'><strong>saxa</strong></span> <span class='ocrx_word' id='word_1_61' title='bbox 863 1138 1012 1200; x_wconf 92' lang='lat' dir='ltr'><strong>columba</strong></span> 
     </span>
     <span class='ocr_line' id='line_1_11' title="bbox 270 1236 981 1320; baseline -0.004 -16"><span class='ocrx_word' id='word_1_62' title='bbox 270 1242 308 1304; x_wconf 91' lang='lat' dir='ltr'><strong>In</strong></span> <span class='ocrx_word' id='word_1_63' title='bbox 331 1241 444 1304; x_wconf 85' lang='lat' dir='ltr'><strong>faciem</strong></span> <span class='ocrx_word' id='word_1_64' title='bbox 467 1259 586 1320; x_wconf 88' lang='lat' dir='ltr'><strong>prorae</strong></span> <span class='ocrx_word' id='word_1_65' title='bbox 607 1236 702 1318; x_wconf 91' lang='lat' dir='ltr'><strong>pinus</strong></span> <span class='ocrx_word' id='word_1_66' title='bbox 725 1239 833 1299; x_wconf 88' lang='lat' dir='ltr'><strong>adacta</strong></span> <span class='ocrx_word' id='word_1_67' title='bbox 855 1259 981 1301; x_wconf 87' lang='lat' dir='ltr'><strong>novae:</strong></span> 
     </span>
     <span class='ocr_line' id='line_1_12' title="bbox 206 1338 1048 1425; baseline -0.006 -19"><span class='ocrx_word' id='word_1_68' title='bbox 206 1344 250 1406; x_wconf 90' lang='lat' dir='ltr'><strong>Et</strong></span> <span class='ocrx_word' id='word_1_69' title='bbox 272 1343 321 1418; x_wconf 89' lang='lat' dir='ltr'><strong>si,</strong></span> <span class='ocrx_word' id='word_1_70' title='bbox 346 1362 408 1425; x_wconf 88' lang='lat' dir='ltr'><strong>qua</strong></span> <span class='ocrx_word' id='word_1_71' title='bbox 432 1338 588 1422; x_wconf 83' lang='lat' dir='ltr'><strong>Ortygiae</strong></span> <span class='ocrx_word' id='word_1_72' title='bbox 611 1338 739 1400; x_wconf 89' lang='lat' dir='ltr'><strong>visenda</strong></span> <span class='ocrx_word' id='word_1_73' title='bbox 763 1349 893 1402; x_wconf 89' lang='lat' dir='ltr'><strong>estora</strong></span> <span class='ocrx_word' id='word_1_74' title='bbox 917 1338 1048 1419; x_wconf 85' lang='lat' dir='ltr'><strong>Caystri</strong></span> 
     </span>
     <span class='ocr_line' id='line_1_13' title="bbox 272 1439 964 1523; baseline -0.004 -19"><span class='ocrx_word' id='word_1_75' title='bbox 272 1445 315 1504; x_wconf 90' lang='lat' dir='ltr'><strong>Et</strong></span> <span class='ocrx_word' id='word_1_76' title='bbox 338 1462 399 1523; x_wconf 90' lang='lat' dir='ltr'><strong>qua</strong></span> <span class='ocrx_word' id='word_1_77' title='bbox 421 1451 566 1521; x_wconf 89' lang='lat' dir='ltr'><strong>septenas</strong></span> <span class='ocrx_word' id='word_1_78' title='bbox 589 1451 747 1521; x_wconf 87' lang='lat' dir='ltr'><strong>temperat</strong></span> <span class='ocrx_word' id='word_1_79' title='bbox 769 1441 849 1501; x_wconf 77' lang='lat' dir='ltr'><strong>tanda</strong></span> <span class='ocrx_word' id='word_1_80' title='bbox 876 1439 964 1514; x_wconf 85' lang='lat' dir='ltr'><strong>vias,</strong></span> 
     </span>
    </p>

    <p class='ocr_par' dir='ltr' id='par_1_3' title="bbox 207 1539 1116 2126">
     <span class='ocr_line' id='line_1_14' title="bbox 209 1539 975 1609; baseline -0.005 -3"><span class='ocrx_word' id='word_1_81' title='bbox 209 1542 323 1607; x_wconf 89' lang='lat' dir='ltr'><strong>Omnia</strong></span> <span class='ocrx_word' id='word_1_82' title='bbox 347 1543 514 1604; x_wconf 87' lang='lat' dir='ltr'><strong>Romanae</strong></span> <span class='ocrx_word' id='word_1_83' title='bbox 536 1542 651 1602; x_wconf 89' lang='lat' dir='ltr'><strong>cedent</strong></span> <span class='ocrx_word' id='word_1_84' title='bbox 676 1539 826 1609; x_wconf 87' lang='lat' dir='ltr'><strong>miracula</strong></span> <span class='ocrx_word' id='word_1_85' title='bbox 850 1550 975 1605; x_wconf 85' lang='lat' dir='ltr'><strong>terrae:</strong></span> 
     </span>
     <span class='ocr_line' id='line_1_15' title="bbox 272 1639 1043 1724; baseline 0 -20"><span class='ocrx_word' id='word_1_86' title='bbox 272 1645 394 1705; x_wconf 87' lang='lat' dir='ltr'><strong>Natura</strong></span> <span class='ocrx_word' id='word_1_87' title='bbox 416 1640 469 1704; x_wconf 88' lang='lat' dir='ltr'><strong>hic</strong></span> <span class='ocrx_word' id='word_1_88' title='bbox 495 1640 620 1722; x_wconf 87' lang='lat' dir='ltr'><strong>posuit,</strong></span> <span class='ocrx_word' id='word_1_89' title='bbox 645 1639 800 1724; x_wconf 89' lang='lat' dir='ltr'><strong>quidquid</strong></span> <span class='ocrx_word' id='word_1_90' title='bbox 825 1640 945 1723; x_wconf 88' lang='lat' dir='ltr'><strong>ubique</strong></span> <span class='ocrx_word' id='word_1_91' title='bbox 969 1640 1043 1704; x_wconf 84' lang='lat' dir='ltr'><strong>luit.</strong></span> 
     </span>
     <span class='ocr_line' id='line_1_16' title="bbox 208 1740 1116 1824; baseline -0.001 -18"><span class='ocrx_word' id='word_1_92' title='bbox 208 1743 321 1806; x_wconf 88' lang='lat' dir='ltr'><strong>Armis</strong></span> <span class='ocrx_word' id='word_1_93' title='bbox 343 1753 415 1824; x_wconf 88' lang='lat' dir='ltr'><strong>apta</strong></span> <span class='ocrx_word' id='word_1_94' title='bbox 438 1740 538 1823; x_wconf 85' lang='lat' dir='ltr'><strong>magis</strong></span> <span class='ocrx_word' id='word_1_95' title='bbox 561 1742 654 1810; x_wconf 85' lang='lat' dir='ltr'><strong>tellus</strong></span> <span class='ocrx_word' id='word_1_96' title='bbox 678 1762 771 1821; x_wconf 84' lang='lat' dir='ltr'><strong>quarn</strong></span> <span class='ocrx_word' id='word_1_97' title='bbox 796 1744 966 1806; x_wconf 85' lang='lat' dir='ltr'><strong>commoda</strong></span> <span class='ocrx_word' id='word_1_98' title='bbox 987 1760 1116 1817; x_wconf 84' lang='lat' dir='ltr'><strong>noxae,</strong></span> 
     </span>
     <span class='ocr_line' id='line_1_17' title="bbox 272 1843 1075 1922; baseline 0 -16"><span class='ocrx_word' id='word_1_99' title='bbox 272 1846 423 1917; x_wconf 87' lang='lat' dir='ltr'><strong>Famam,</strong></span> <span class='ocrx_word' id='word_1_100' title='bbox 449 1844 573 1915; x_wconf 86' lang='lat' dir='ltr'><strong>Roma,</strong></span> <span class='ocrx_word' id='word_1_101' title='bbox 597 1853 670 1903; x_wconf 86' lang='lat' dir='ltr'><strong>tuae</strong></span> <span class='ocrx_word' id='word_1_102' title='bbox 694 1844 879 1922; x_wconf 87' lang='lat' dir='ltr'><strong>nonpudet</strong></span> <span class='ocrx_word' id='word_1_103' title='bbox 902 1843 1075 1906; x_wconf 86' lang='lat' dir='ltr'><strong>historiae:</strong></span> 
     </span>
     <span class='ocr_line' id='line_1_18' title="bbox 207 1942 1051 2027; baseline 0 -19"><span class='ocrx_word' id='word_1_104' title='bbox 207 1948 289 2008; x_wconf 87' lang='lat' dir='ltr'><strong>Nam</strong></span> <span class='ocrx_word' id='word_1_105' title='bbox 312 1955 462 2027; x_wconf 88' lang='lat' dir='ltr'><strong>quantum</strong></span> <span class='ocrx_word' id='word_1_106' title='bbox 485 1943 596 2017; x_wconf 84' lang='lat' dir='ltr'><strong>ferro,</strong></span> <span class='ocrx_word' id='word_1_107' title='bbox 621 1953 741 2005; x_wconf 89' lang='lat' dir='ltr'><strong>tautum</strong></span> <span class='ocrx_word' id='word_1_108' title='bbox 765 1942 882 2022; x_wconf 86' lang='lat' dir='ltr'><strong>pietate</strong></span> <span class='ocrx_word' id='word_1_109' title='bbox 904 1955 1051 2024; x_wconf 88' lang='lat' dir='ltr'><strong>potentes</strong></span> 
     </span>
     <span class='ocr_line' id='line_1_19' title="bbox 274 2041 989 2126; baseline -0.003 -17"><span class='ocrx_word' id='word_1_110' title='bbox 274 2049 419 2119; x_wconf 81' lang='lat' dir='ltr'><strong>Stamus3</strong></span> <span class='ocrx_word' id='word_1_111' title='bbox 444 2043 593 2107; x_wconf 87' lang='lat' dir='ltr'><strong>victrices</strong></span> <span class='ocrx_word' id='word_1_112' title='bbox 616 2054 774 2123; x_wconf 88' lang='lat' dir='ltr'><strong>temperat</strong></span> <span class='ocrx_word' id='word_1_113' title='bbox 794 2041 843 2105; x_wconf 92' lang='lat' dir='ltr'><strong>ira</strong></span> <span class='ocrx_word' id='word_1_114' title='bbox 866 2065 989 2126; x_wconf 83' lang='lat' dir='ltr'><strong>manus.</strong></span> 
     </span>
    </p>

    <p class='ocr_par' dir='ltr' id='par_1_4' title="bbox 207 2142 1089 2328">
     <span class='ocr_line' id='line_1_20' title="bbox 207 2142 1086 2219; baseline -0.002 -9"><span class='ocrx_word' id='word_1_115' title='bbox 207 2147 272 2210; x_wconf 88' lang='lat' dir='ltr'><strong>Hie</strong></span> <span class='ocrx_word' id='word_1_116' title='bbox 293 2146 380 2209; x_wconf 88' lang='lat' dir='ltr'><strong>Anio</strong></span> <span class='ocrx_word' id='word_1_117' title='bbox 405 2146 552 2208; x_wconf 88' lang='lat' dir='ltr'><strong>Tiburne</strong></span> <span class='ocrx_word' id='word_1_118' title='bbox 573 2144 668 2219; x_wconf 69' lang='lat' dir='ltr'><strong>fliam,</strong></span> <span class='ocrx_word' id='word_1_119' title='bbox 694 2142 873 2206; x_wconf 88' lang='lat' dir='ltr'><strong>Clitumnus</strong></span> <span class='ocrx_word' id='word_1_120' title='bbox 897 2148 936 2207; x_wconf 91' lang='lat' dir='ltr'><strong>ab</strong></span> <span class='ocrx_word' id='word_1_121' title='bbox 958 2146 1086 2210; x_wconf 90' lang='lat' dir='ltr'><strong>Umbro</strong></span> 
     </span>
     <span class='ocr_line' id='line_1_21' title="bbox 272 2244 1089 2328; baseline 0 -19"><span class='ocrx_word' id='word_1_122' title='bbox 272 2247 414 2309; x_wconf 86' lang='lat' dir='ltr'><strong>Tramite</strong></span> <span class='ocrx_word' id='word_1_123' title='bbox 437 2258 468 2308; x_wconf 89' lang='lat' dir='ltr'><strong>et</strong></span> <span class='ocrx_word' id='word_1_124' title='bbox 491 2256 652 2319; x_wconf 85' lang='lat' dir='ltr'><strong>aeternum</strong></span> <span class='ocrx_word' id='word_1_125' title='bbox 676 2244 821 2306; x_wconf 80' lang='lat' dir='ltr'><strong>Maurius</strong></span> <span class='ocrx_word' id='word_1_126' title='bbox 843 2246 958 2310; x_wconf 87' lang='lat' dir='ltr'><strong>humor</strong></span> <span class='ocrx_word' id='word_1_127' title='bbox 981 2269 1089 2328; x_wconf 87' lang='lat' dir='ltr'><strong>opus,</strong></span> 
     </span>
    </p>

    <p class='ocr_par' dir='ltr' id='par_1_5' title="bbox 208 2345 1034 2531">
     <span class='ocr_line' id='line_1_22' title="bbox 208 2345 1034 2412; baseline -0.004 0"><span class='ocrx_word' id='word_1_128' title='bbox 208 2350 353 2412; x_wconf 86' lang='lat' dir='ltr'><strong>Albanus</strong></span> <span class='ocrx_word' id='word_1_129' title='bbox 375 2348 463 2409; x_wconf 78' lang='lat' dir='ltr'><strong>lactis</strong></span> <span class='ocrx_word' id='word_1_130' title='bbox 488 2357 518 2408; x_wconf 91' lang='lat' dir='ltr'><strong>et</strong></span> <span class='ocrx_word' id='word_1_131' title='bbox 543 2345 629 2408; x_wconf 88' lang='lat' dir='ltr'><strong>socia</strong></span> <span class='ocrx_word' id='word_1_132' title='bbox 654 2345 865 2408; x_wconf 87' lang='lat' dir='ltr'><strong>Nemorensis</strong></span> <span class='ocrx_word' id='word_1_133' title='bbox 888 2350 928 2408; x_wconf 93' lang='lat' dir='ltr'><strong>ab</strong></span> <span class='ocrx_word' id='word_1_134' title='bbox 951 2351 1034 2410; x_wconf 89' lang='lat' dir='ltr'><strong>unda</strong></span> 
     </span>
     <span class='ocr_line' id='line_1_23' title="bbox 272 2445 1031 2531; baseline -0.004 -19"><span class='ocrx_word' id='word_1_135' title='bbox 272 2451 421 2529; x_wconf 90' lang='lat' dir='ltr'><strong>Potaque</strong></span> <span class='ocrx_word' id='word_1_136' title='bbox 444 2445 589 2511; x_wconf 89' lang='lat' dir='ltr'><strong>Pollucis</strong></span> <span class='ocrx_word' id='word_1_137' title='bbox 615 2446 745 2527; x_wconf 88' lang='lat' dir='ltr'><strong>lympha</strong></span> <span class='ocrx_word' id='word_1_138' title='bbox 768 2446 906 2509; x_wconf 89' lang='lat' dir='ltr'><strong>salubris</strong></span> <span class='ocrx_word' id='word_1_139' title='bbox 932 2468 1031 2531; x_wconf 86' lang='lat' dir='ltr'><strong>equo.</strong></span> 
     </span>
    </p>
   </div>
   <div class='ocr_carea' id='block_1_3' title="bbox 151 2626 1335 3577">
    <p class='ocr_par' dir='ltr' id='par_1_6' title="bbox 151 2626 1335 3577">
     <span class='ocr_line' id='line_1_24' title="bbox 279 2626 1329 2688; baseline 0.002 -16"><span class='ocrx_word' id='word_1_140' title='bbox 279 2626 303 2673; x_wconf 80' lang='lat' dir='ltr'><strong>l.</strong></span> <span class='ocrx_word' id='word_1_141' title='bbox 329 2627 416 2682; x_wconf 85' lang='lat' dir='ltr'><strong>„Licet</strong></span> <span class='ocrx_word' id='word_1_142' title='bbox 446 2627 593 2682; x_wconf 82' lang='lat' dir='ltr'><strong>Hellesponti</strong></span> <span class='ocrx_word' id='word_1_143' title='bbox 619 2629 708 2681; x_wconf 80' lang='lat' dir='ltr'><strong>urbes,</strong></span> <span class='ocrx_word' id='word_1_144' title='bbox 737 2628 849 2681; x_wconf 77' lang='lat' dir='ltr'><strong>Atlanta,</strong></span> <span class='ocrx_word' id='word_1_145' title='bbox 870 2629 1030 2673; x_wconf 82' lang='lat' dir='ltr'><strong>Mauritaniae</strong></span> <span class='ocrx_word' id='word_1_146' title='bbox 1046 2629 1189 2688; x_wconf 81' lang='lat' dir='ltr'><strong>Tingitanae</strong></span> <span class='ocrx_word' id='word_1_147' title='bbox 1208 2637 1329 2683; x_wconf 82' lang='lat' dir='ltr'><strong>montem,</strong></span> 
     </span>
     <span class='ocr_line' id='line_1_25' title="bbox 209 2695 1331 2756; baseline 0.001 -15"><span class='ocrx_word' id='word_1_148' title='bbox 209 2698 334 2756; x_wconf 82' lang='lat' dir='ltr'><strong>Gorgades</strong></span> <span class='ocrx_word' id='word_1_149' title='bbox 346 2698 436 2740; x_wconf 87' lang='lat' dir='ltr'><strong>insulas</strong></span> <span class='ocrx_word' id='word_1_150' title='bbox 449 2695 559 2751; x_wconf 86' lang='lat' dir='ltr'><strong>(domum</strong></span> <span class='ocrx_word' id='word_1_151' title='bbox 578 2702 603 2739; x_wconf 88' lang='lat' dir='ltr'><strong>ut</strong></span> <span class='ocrx_word' id='word_1_152' title='bbox 621 2696 708 2749; x_wconf 75' lang='lat' dir='ltr'><strong>ciunt,</strong></span> <span class='ocrx_word' id='word_1_153' title='bbox 728 2695 864 2753; x_wconf 70' lang='lat' dir='ltr'><strong>aliqnando</strong></span> <span class='ocrx_word' id='word_1_154' title='bbox 883 2696 1031 2756; x_wconf 79' lang='lat' dir='ltr'><strong>Gorgonum</strong></span> <span class='ocrx_word' id='word_1_155' title='bbox 1039 2710 1050 2750; x_wconf 91' lang='lat'><em>;</em></span> <span class='ocrx_word' id='word_1_156' title='bbox 1069 2699 1152 2751; x_wconf 85' lang='lat' dir='ltr'><strong>Mela,</strong></span> <span class='ocrx_word' id='word_1_157' title='bbox 1176 2696 1200 2751; x_wconf 83' lang='lat'><strong>3,</strong></span> <span class='ocrx_word' id='word_1_158' title='bbox 1224 2698 1272 2754; x_wconf 86' lang='grc'><strong>9.),</strong></span> <span class='ocrx_word' id='word_1_159' title='bbox 1294 2701 1331 2742; x_wconf 86' lang='lat' dir='ltr'><strong>nbi</strong></span> 
     </span>
     <span class='ocr_line' id='line_1_26' title="bbox 208 2762 1333 2820; baseline 0 -9"><span class='ocrx_word' id='word_1_160' title='bbox 208 2768 313 2811; x_wconf 86' lang='lat' dir='ltr'><strong>Perseus</strong></span> <span class='ocrx_word' id='word_1_161' title='bbox 332 2766 461 2818; x_wconf 80' lang='lat' dir='ltr'><strong>Medusae,</strong></span> <span class='ocrx_word' id='word_1_162' title='bbox 493 2765 581 2807; x_wconf 87' lang='lat' dir='ltr'><strong>Phorci</strong></span> <span class='ocrx_word' id='word_1_163' title='bbox 600 2762 681 2818; x_wconf 85' lang='lat' dir='ltr'><strong>litiae,</strong></span> <span class='ocrx_word' id='word_1_164' title='bbox 707 2769 778 2817; x_wconf 87' lang='lat' dir='ltr'><strong>caput</strong></span> <span class='ocrx_word' id='word_1_165' title='bbox 794 2768 939 2820; x_wconf 83' lang='lat' dir='ltr'><strong>amputarit,</strong></span> <span class='ocrx_word' id='word_1_166' title='bbox 958 2766 1100 2819; x_wconf 84' lang='lat' dir='ltr'><strong>Erythiam,</strong></span> <span class='ocrx_word' id='word_1_167' title='bbox 1127 2767 1259 2819; x_wconf 82' lang='lat' dir='ltr'><strong>Geryonae</strong></span> <span class='ocrx_word' id='word_1_168' title='bbox 1279 2769 1333 2811; x_wconf 84' lang='lat' dir='ltr'><strong>olim</strong></span> 
     </span>
     <span class='ocr_line' id='line_1_27' title="bbox 208 2833 1333 2891; baseline 0.001 -12"><span class='ocrx_word' id='word_1_169' title='bbox 208 2836 392 2887; x_wconf 86' lang='lat' dir='ltr'><strong>habitationem,</strong></span> <span class='ocrx_word' id='word_1_170' title='bbox 422 2838 445 2878; x_wconf 89' lang='lat' dir='ltr'><strong>et</strong></span> <span class='ocrx_word' id='word_1_171' title='bbox 466 2833 551 2876; x_wconf 68' lang='lat' dir='ltr'><strong>humei</strong></span> <span class='ocrx_word' id='word_1_172' title='bbox 570 2833 663 2890; x_wconf 84' lang='lat' dir='ltr'><strong>regiam</strong></span> <span class='ocrx_word' id='word_1_173' title='bbox 680 2834 785 2876; x_wconf 86' lang='lat' dir='ltr'><strong>lrassam</strong></span> <span class='ocrx_word' id='word_1_174' title='bbox 804 2835 833 2876; x_wconf 80' lang='lat' dir='ltr'><strong>ad</strong></span> <span class='ocrx_word' id='word_1_175' title='bbox 852 2835 962 2888; x_wconf 86' lang='lat' dir='ltr'><strong>paludem</strong></span> <span class='ocrx_word' id='word_1_176' title='bbox 982 2835 1152 2887; x_wconf 85' lang='lat' dir='ltr'><strong>Tritonidem,</strong></span> <span class='ocrx_word' id='word_1_177' title='bbox 1173 2836 1333 2891; x_wconf 83' lang='lat' dir='ltr'><strong>Hesperidum</strong></span> 
     </span>
     <span class='ocr_line' id='line_1_28' title="bbox 207 2901 1332 2958; baseline 0 -10"><span class='ocrx_word' id='word_1_178' title='bbox 207 2906 292 2948; x_wconf 88' lang='lat' dir='ltr'><strong>hortos</strong></span> <span class='ocrx_word' id='word_1_179' title='bbox 319 2904 343 2946; x_wconf 90' lang='lat' dir='ltr'><strong>iu</strong></span> <span class='ocrx_word' id='word_1_180' title='bbox 362 2901 493 2955; x_wconf 86' lang='lat' dir='ltr'><strong>Cyrenaica</strong></span> <span class='ocrx_word' id='word_1_181' title='bbox 514 2901 572 2944; x_wconf 87' lang='lat' dir='ltr'><strong>olim</strong></span> <span class='ocrx_word' id='word_1_182' title='bbox 596 2902 674 2953; x_wconf 89' lang='lat' dir='ltr'><strong>sitos,</strong></span> <span class='ocrx_word' id='word_1_183' title='bbox 694 2902 829 2953; x_wconf 82' lang='lat' dir='ltr'><strong>Phasidos,</strong></span> <span class='ocrx_word' id='word_1_184' title='bbox 851 2902 962 2955; x_wconf 83' lang='lat' dir='ltr'><strong>Caystri,</strong></span> <span class='ocrx_word' id='word_1_185' title='bbox 989 2902 1085 2958; x_wconf 81' lang='lat' dir='ltr'><strong>Nilique</strong></span> <span class='ocrx_word' id='word_1_186' title='bbox 1104 2917 1162 2947; x_wconf 88' lang='lat' dir='ltr'><strong>oras</strong></span> <span class='ocrx_word' id='word_1_187' title='bbox 1181 2906 1332 2958; x_wconf 87' lang='lat' dir='ltr'><strong>perlustres,</strong></span> 
     </span>
     <span class='ocr_line' id='line_1_29' title="bbox 208 2970 1333 3027; baseline -0.002 -11"><span class='ocrx_word' id='word_1_188' title='bbox 208 2979 287 3016; x_wconf 84' lang='lat' dir='ltr'><strong>tamen</strong></span> <span class='ocrx_word' id='word_1_189' title='bbox 307 2971 365 3015; x_wconf 88' lang='lat' dir='ltr'><strong>nihil</strong></span> <span class='ocrx_word' id='word_1_190' title='bbox 384 2970 506 3022; x_wconf 82' lang='lat' dir='ltr'><strong>invenies,</strong></span> <span class='ocrx_word' id='word_1_191' title='bbox 527 2970 590 3025; x_wconf 88' lang='lat' dir='ltr'><strong>quod</strong></span> <span class='ocrx_word' id='word_1_192' title='bbox 614 2971 696 3013; x_wconf 88' lang='lat' dir='ltr'><strong>ltaliae</strong></span> <span class='ocrx_word' id='word_1_193' title='bbox 721 2970 856 3024; x_wconf 86' lang='lat' dir='ltr'><strong>comparari</strong></span> <span class='ocrx_word' id='word_1_194' title='bbox 875 2972 978 3025; x_wconf 89' lang='lat' dir='ltr'><strong>possit.’¹</strong></span> <span class='ocrx_word' id='word_1_195' title='bbox 995 2972 1080 3013; x_wconf 81' lang='lat' dir='ltr'><strong>Burin.</strong></span> <span class='ocrx_word' id='word_1_196' title='bbox 1098 2977 1122 3014; x_wconf 87' lang='lat' dir='ltr'><strong>et</strong></span> <span class='ocrx_word' id='word_1_197' title='bbox 1137 2972 1213 3015; x_wconf 85' lang='lat' dir='ltr'><strong>Kuin.</strong></span> <span class='ocrx_word' id='word_1_198' title='bbox 1234 2973 1333 3027; x_wconf 69' lang='lat' dir='ltr'><strong>—atii</strong></span> 
     </span>
     <span class='ocr_line' id='line_1_30' title="bbox 207 3030 1332 3096; baseline -0.003 -10"><span class='ocrx_word' id='word_1_199' title='bbox 207 3056 230 3086; x_wconf 87' lang='lat' dir='ltr'><strong>v.</strong></span> <span class='ocrx_word' id='word_1_200' title='bbox 260 3039 300 3085; x_wconf 90' lang='lat'><strong>16.</strong></span> <span class='ocrx_word' id='word_1_201' title='bbox 328 3039 463 3096; x_wconf 76' lang='lat' dir='ltr'><strong>intelligunt</strong></span> <span class='ocrx_word' id='word_1_202' title='bbox 487 3038 593 3081; x_wconf 82' lang='lat' dir='ltr'><strong>Rhesum</strong></span> <span class='ocrx_word' id='word_1_203' title='bbox 625 3051 645 3081; x_wconf 91' lang='lat' dir='ltr'><strong>s.</strong></span> <span class='ocrx_word' id='word_1_204' title='bbox 671 3037 779 3080; x_wconf 85' lang='lat' dir='ltr'><strong>Rhebam</strong></span> <span class='ocrx_word' id='word_1_205' title='bbox 799 3030 838 3081; x_wconf 68' lang='grc' dir='ltr'><strong>ΡΙ.</strong></span> <span class='ocrx_word' id='word_1_206' title='bbox 862 3038 885 3081; x_wconf 91' lang='lat' dir='ltr'><strong>in</strong></span> <span class='ocrx_word' id='word_1_207' title='bbox 904 3039 1014 3083; x_wconf 82' lang='lat' dir='ltr'><strong>lancibus</strong></span> <span class='ocrx_word' id='word_1_208' title='bbox 1036 3040 1140 3093; x_wconf 84' lang='lat' dir='ltr'><strong>Bospori</strong></span> <span class='ocrx_word' id='word_1_209' title='bbox 1163 3041 1230 3083; x_wconf 85' lang='lat' dir='ltr'><strong>Plin.</strong></span> <span class='ocrx_word' id='word_1_210' title='bbox 1258 3038 1290 3095; x_wconf 88' lang='lat'><strong>6,</strong></span> <span class='ocrx_word' id='word_1_211' title='bbox 1312 3038 1332 3083; x_wconf 89' lang='lat' dir='ltr'><strong>l.</strong></span> 
     </span>
     <span class='ocr_line' id='line_1_31' title="bbox 151 3103 1333 3175; baseline -0.002 -22"><span class='ocrx_word' id='word_1_212' title='bbox 151 3139 153 3145; x_wconf 86' lang='lat'><em>-</em></span> <span class='ocrx_word' id='word_1_213' title='bbox 208 3124 279 3168; x_wconf 89' lang='lat' dir='ltr'><strong>quem</strong></span> <span class='ocrx_word' id='word_1_214' title='bbox 297 3103 464 3175; x_wconf 61' lang='grc' dir='ltr'><strong>ἑπτάποροι)</strong></span> <span class='ocrx_word' id='word_1_215' title='bbox 483 3107 543 3151; x_wconf 80' lang='lat' dir='ltr'><strong>dixit</strong></span> <span class='ocrx_word' id='word_1_216' title='bbox 561 3105 660 3149; x_wconf 75' lang='lat' dir='ltr'><strong>Nomius</strong></span> <span class='ocrx_word' id='word_1_217' title='bbox 678 3106 779 3159; x_wconf 81' lang='lat' dir='ltr'><strong>Dionys.</strong></span> <span class='ocrx_word' id='word_1_218' title='bbox 803 3104 832 3165; x_wconf 80' lang='lat'><strong>3,</strong></span> <span class='ocrx_word' id='word_1_219' title='bbox 854 3103 913 3151; x_wconf 82' lang='lat'><strong>193.</strong></span> <span class='ocrx_word' id='word_1_220' title='bbox 971 3105 1012 3151; x_wconf 85' lang='lat'><strong>13.</strong></span> <span class='ocrx_word' id='word_1_221' title='bbox 1038 3109 1196 3162; x_wconf 88' lang='lat' dir='ltr'><strong>„Supplent:</strong></span> <span class='ocrx_word' id='word_1_222' title='bbox 1218 3123 1279 3151; x_wconf 84' lang='lat' dir='ltr'><strong>cum</strong></span> <span class='ocrx_word' id='word_1_223' title='bbox 1292 3108 1333 3153; x_wconf 79' lang='lat' dir='ltr'><strong>Ar·</strong></span> 
     </span>
     <span class='ocr_line' id='line_1_32' title="bbox 207 3171 1334 3239; baseline -0.001 -16"><span class='ocrx_word' id='word_1_224' title='bbox 207 3193 258 3239; x_wconf 79' lang='lat' dir='ltr'><strong>goa</strong></span> <span class='ocrx_word' id='word_1_225' title='bbox 276 3176 405 3228; x_wconf 79' lang='lat' dir='ltr'><strong>columbo,</strong></span> <span class='ocrx_word' id='word_1_226' title='bbox 426 3177 489 3231; x_wconf 86' lang='lat' dir='ltr'><strong>quod</strong></span> <span class='ocrx_word' id='word_1_227' title='bbox 507 3172 560 3218; x_wconf 87' lang='lat' dir='ltr'><strong>fieri</strong></span> <span class='ocrx_word' id='word_1_228' title='bbox 577 3176 666 3231; x_wconf 85' lang='lat' dir='ltr'><strong>nequit.</strong></span> <span class='ocrx_word' id='word_1_229' title='bbox 681 3175 760 3218; x_wconf 79' lang='lat' dir='ltr'><strong>Vatis.</strong></span> <span class='ocrx_word' id='word_1_230' title='bbox 783 3171 807 3218; x_wconf 87' lang='lat'><strong>5.</strong></span> <span class='ocrx_word' id='word_1_231' title='bbox 827 3174 969 3234; x_wconf 80' lang='lat' dir='ltr'><strong>Argoderee.</strong></span> <span class='ocrx_word' id='word_1_232' title='bbox 990 3175 1075 3219; x_wconf 87' lang='lat' dir='ltr'><strong>Unus:</strong></span> <span class='ocrx_word' id='word_1_233' title='bbox 1096 3175 1190 3220; x_wconf 78' lang='lat' dir='ltr'><strong>Areon.</strong></span> <span class='ocrx_word' id='word_1_234' title='bbox 1211 3177 1281 3236; x_wconf 79' lang='lat' dir='ltr'><strong>Lege</strong></span> <span class='ocrx_word' id='word_1_235' title='bbox 1295 3178 1334 3234; x_wconf 75' lang='lat' dir='ltr'><strong>igi·</strong></span> 
     </span>
     <span class='ocr_line' id='line_1_33' title="bbox 207 3239 1333 3304; baseline 0 -15"><span class='ocrx_word' id='word_1_236' title='bbox 207 3254 266 3291; x_wconf 86' lang='lat' dir='ltr'><strong>tur:</strong></span> <span class='ocrx_word' id='word_1_237' title='bbox 297 3245 351 3304; x_wconf 84' lang='lat' dir='ltr'><strong>Quu</strong></span> <span class='ocrx_word' id='word_1_238' title='bbox 370 3244 431 3287; x_wconf 84' lang='lat' dir='ltr'><strong>duee</strong></span> <span class='ocrx_word' id='word_1_239' title='bbox 450 3239 562 3285; x_wconf 73' lang='lat' dir='ltr'><strong>Chaonio</strong></span> <span class='ocrx_word' id='word_1_240' title='bbox 580 3256 632 3291; x_wconf 70' lang='lat'><strong>-3</strong></span> <span class='ocrx_word' id='word_1_241' title='bbox 651 3256 736 3287; x_wconf 85' lang='lat' dir='ltr'><strong>versus</strong></span> <span class='ocrx_word' id='word_1_242' title='bbox 762 3244 923 3298; x_wconf 88' lang='lat' dir='ltr'><strong>corruptelam</strong></span> <span class='ocrx_word' id='word_1_243' title='bbox 942 3244 1061 3287; x_wconf 78' lang='lat' dir='ltr'><strong>contraxit</strong></span> <span class='ocrx_word' id='word_1_244' title='bbox 1080 3258 1092 3287; x_wconf 93' lang='lat' dir='ltr'><strong>e</strong></span> <span class='ocrx_word' id='word_1_245' title='bbox 1111 3245 1166 3288; x_wconf 90' lang='lat' dir='ltr'><strong>loco</strong></span> <span class='ocrx_word' id='word_1_246' title='bbox 1185 3246 1284 3299; x_wconf 88' lang='lat' dir='ltr'><strong>simili,</strong></span> <span class='ocrx_word' id='word_1_247' title='bbox 1305 3244 1333 3295; x_wconf 81' lang='grc'><strong>2,</strong></span> 
     </span>
     <span class='ocr_line' id='line_1_34' title="bbox 208 3303 1333 3371; baseline -0.003 -14"><span class='ocrx_word' id='word_1_248' title='bbox 208 3313 257 3367; x_wconf 84' lang='grc'><strong>26,</strong></span> <span class='ocrx_word' id='word_1_249' title='bbox 279 3311 321 3357; x_wconf 79' lang='grc'><strong>30.</strong></span> <span class='ocrx_word' id='word_1_250' title='bbox 343 3325 415 3370; x_wconf 81' lang='lat' dir='ltr'><strong>quom</strong></span> <span class='ocrx_word' id='word_1_251' title='bbox 433 3309 505 3354; x_wconf 80' lang='lat' dir='ltr'><strong>rudis</strong></span> <span class='ocrx_word' id='word_1_252' title='bbox 524 3309 610 3369; x_wconf 82' lang='lat' dir='ltr'><strong>Argus</strong></span> <span class='ocrx_word' id='word_1_253' title='bbox 629 3310 692 3354; x_wconf 70' lang='lat' dir='ltr'><strong>Dux</strong></span> <span class='ocrx_word' id='word_1_254' title='bbox 713 3316 769 3353; x_wconf 83' lang='lat' dir='ltr'><strong>erat</strong></span> <span class='ocrx_word' id='word_1_255' title='bbox 786 3311 975 3371; x_wconf 71' lang='lat' dir='ltr'><strong>ignotomisau</strong></span> <span class='ocrx_word' id='word_1_256' title='bbox 988 3311 1102 3356; x_wconf 80' lang='lat' dir='ltr'><strong>columbo</strong></span> <span class='ocrx_word' id='word_1_257' title='bbox 1115 3303 1211 3356; x_wconf 77' lang='lat' dir='ltr'><strong>ruori.”</strong></span> <span class='ocrx_word' id='word_1_258' title='bbox 1228 3314 1333 3358; x_wconf 84' lang='lat' dir='ltr'><strong>llnsehlt.</strong></span> 
     </span>
     <span class='ocr_line' id='line_1_35' title="bbox 208 3371 1333 3436; baseline -0.004 -9"><span class='ocrx_word' id='word_1_259' title='bbox 208 3385 238 3427; x_wconf 89' lang='lat' dir='ltr'><strong>ad</strong></span> <span class='ocrx_word' id='word_1_260' title='bbox 253 3382 310 3425; x_wconf 89' lang='lat' dir='ltr'><strong>Tib.</strong></span> <span class='ocrx_word' id='word_1_261' title='bbox 329 3377 359 3433; x_wconf 75' lang='lat' dir='ltr'><strong>l,</strong></span> <span class='ocrx_word' id='word_1_262' title='bbox 387 3378 416 3432; x_wconf 91' lang='lat'><strong>1,</strong></span> <span class='ocrx_word' id='word_1_263' title='bbox 444 3375 485 3422; x_wconf 81' lang='grc'><strong>70.</strong></span> <span class='ocrx_word' id='word_1_264' title='bbox 529 3379 602 3423; x_wconf 85' lang='lat' dir='ltr'><strong>Recte</strong></span> <span class='ocrx_word' id='word_1_265' title='bbox 630 3380 725 3436; x_wconf 86' lang='lat' dir='ltr'><strong>quidem</strong></span> <span class='ocrx_word' id='word_1_266' title='bbox 749 3381 778 3422; x_wconf 88' lang='lat' dir='ltr'><strong>ad</strong></span> <span class='ocrx_word' id='word_1_267' title='bbox 801 3380 957 3434; x_wconf 88' lang='lat' dir='ltr'><strong>sententiam,</strong></span> <span class='ocrx_word' id='word_1_268' title='bbox 989 3382 1031 3424; x_wconf 89' lang='lat' dir='ltr'><strong>sed</strong></span> <span class='ocrx_word' id='word_1_269' title='bbox 1053 3371 1147 3433; x_wconf 85' lang='lat' dir='ltr'><strong>parum</strong></span> <span class='ocrx_word' id='word_1_270' title='bbox 1162 3382 1333 3435; x_wconf 86' lang='lat' dir='ltr'><strong>probabiliter.</strong></span> 
     </span>
     <span class='ocr_line' id='line_1_36' title="bbox 208 3444 1334 3507; baseline -0.003 -11"><span class='ocrx_word' id='word_1_271' title='bbox 208 3452 269 3496; x_wconf 88' lang='lat' dir='ltr'><strong>Illud</strong></span> <span class='ocrx_word' id='word_1_272' title='bbox 290 3449 369 3493; x_wconf 82' lang='lat' dir='ltr'><strong>Vatic.</strong></span> <span class='ocrx_word' id='word_1_273' title='bbox 391 3444 415 3492; x_wconf 95' lang='grc'><strong>5.</strong></span> <span class='ocrx_word' id='word_1_274' title='bbox 436 3445 597 3506; x_wconf 66' lang='lat' dir='ltr'><strong>Argoduee,</strong></span> <span class='ocrx_word' id='word_1_275' title='bbox 614 3449 647 3492; x_wconf 88' lang='lat' dir='ltr'><strong>nil</strong></span> <span class='ocrx_word' id='word_1_276' title='bbox 665 3449 729 3492; x_wconf 88' lang='lat' dir='ltr'><strong>aliud</strong></span> <span class='ocrx_word' id='word_1_277' title='bbox 751 3452 805 3501; x_wconf 90' lang='lat' dir='ltr'><strong>est,</strong></span> <span class='ocrx_word' id='word_1_278' title='bbox 837 3449 883 3492; x_wconf 89' lang='lat' dir='ltr'><strong>nisi</strong></span> <span class='ocrx_word' id='word_1_279' title='bbox 908 3444 1028 3507; x_wconf 81' lang='lat' dir='ltr'><strong>glossema</strong></span> <span class='ocrx_word' id='word_1_280' title='bbox 1053 3449 1184 3492; x_wconf 80' lang='lat' dir='ltr'><strong>ablativum</strong></span> <span class='ocrx_word' id='word_1_281' title='bbox 1211 3452 1284 3495; x_wconf 85' lang='lat' dir='ltr'><strong>illum</strong></span> <span class='ocrx_word' id='word_1_282' title='bbox 1299 3463 1334 3494; x_wconf 81' lang='lat' dir='ltr'><strong>ex·</strong></span> 
     </span>
     <span class='ocr_line' id='line_1_37' title="bbox 207 3514 1335 3577; baseline -0.004 -13"><span class='ocrx_word' id='word_1_283' title='bbox 207 3521 314 3577; x_wconf 84' lang='lat' dir='ltr'><strong>plicans:</strong></span> <span class='ocrx_word' id='word_1_284' title='bbox 348 3516 436 3576; x_wconf 79' lang='lat' dir='ltr'><strong>Argoa</strong></span> <span class='ocrx_word' id='word_1_285' title='bbox 461 3518 518 3559; x_wconf 85' lang='lat' dir='ltr'><strong>duee</strong></span> <span class='ocrx_word' id='word_1_286' title='bbox 537 3516 660 3560; x_wconf 71' lang='lat' dir='ltr'><strong>celerando.</strong></span> <span class='ocrx_word' id='word_1_287' title='bbox 706 3514 758 3575; x_wconf 77' lang='lat' dir='ltr'><strong>te.</strong></span> <span class='ocrx_word' id='word_1_288' title='bbox 783 3516 858 3560; x_wconf 88' lang='lat' dir='ltr'><strong>Codd.</strong></span> <span class='ocrx_word' id='word_1_289' title='bbox 879 3517 905 3559; x_wconf 77' lang='lat' dir='ltr'><strong>si</strong></span> <span class='ocrx_word' id='word_1_290' title='bbox 921 3530 970 3575; x_wconf 83' lang='lat' dir='ltr'><strong>quc</strong></span> <span class='ocrx_word' id='word_1_291' title='bbox 989 3517 1062 3575; x_wconf 72' lang='lat' dir='ltr'><strong>origo</strong></span> <span class='ocrx_word' id='word_1_292' title='bbox 1079 3518 1118 3560; x_wconf 87' lang='lat' dir='ltr'><strong>vel</strong></span> <span class='ocrx_word' id='word_1_293' title='bbox 1136 3517 1239 3577; x_wconf 71' lang='lat' dir='ltr'><strong>origne.</strong></span> <span class='ocrx_word' id='word_1_294' title='bbox 1263 3517 1335 3560; x_wconf 83' lang='lat' dir='ltr'><strong>-si</strong></span> 
     </span>
    </p>
   </div>
   <div class='ocr_carea' id='block_1_4' title="bbox 113 3582 1336 3648">
    <p class='ocr_par' dir='ltr' id='par_1_7' title="bbox 113 3582 1336 3648">
     <span class='ocr_line' id='line_1_38' title="bbox 113 3582 1336 3648; baseline -0.004 -16"><span class='ocrx_word' id='word_1_295' title='bbox 113 3620 117 3623; x_wconf 95' lang='lat'>-</span> <span class='ocrx_word' id='word_1_296' title='bbox 208 3603 285 3648; x_wconf 79' lang='lat' dir='ltr'><strong>quous</strong></span> <span class='ocrx_word' id='word_1_297' title='bbox 311 3585 435 3644; x_wconf 81' lang='lat' dir='ltr'><strong>olorigeri</strong></span> <span class='ocrx_word' id='word_1_298' title='bbox 464 3584 518 3627; x_wconf 86' lang='lat' dir='ltr'><strong>ltali</strong></span> <span class='ocrx_word' id='word_1_299' title='bbox 547 3590 660 3630; x_wconf 85' lang='lat' dir='ltr'><strong>corrertt.</strong></span> <span class='ocrx_word' id='word_1_300' title='bbox 691 3607 718 3617; x_wconf 91' lang='lat'>-</span> <span class='ocrx_word' id='word_1_301' title='bbox 748 3583 780 3627; x_wconf 83' lang='lat' dir='ltr'><strong>Et</strong></span> <span class='ocrx_word' id='word_1_302' title='bbox 799 3599 847 3643; x_wconf 72' lang='lat' dir='ltr'><strong>qua</strong></span> <span class='ocrx_word' id='word_1_303' title='bbox 866 3582 971 3644; x_wconf 76' lang='lat' dir='ltr'><strong>Gygoei</strong></span> <span class='ocrx_word' id='word_1_304' title='bbox 988 3586 1038 3628; x_wconf 88' lang='lat' dir='ltr'><strong>alii.</strong></span> <span class='ocrx_word' id='word_1_305' title='bbox 1058 3583 1102 3636; x_wconf 77' lang='lat' dir='ltr'><strong>(Ee</strong></span> <span class='ocrx_word' id='word_1_306' title='bbox 1120 3587 1144 3629; x_wconf 83' lang='lat' dir='ltr'><strong>si</strong></span> <span class='ocrx_word' id='word_1_307' title='bbox 1163 3601 1214 3644; x_wconf 77' lang='lat' dir='ltr'><strong>qua</strong></span> <span class='ocrx_word' id='word_1_308' title='bbox 1233 3585 1336 3645; x_wconf 72' lang='lat' dir='ltr'><strong>Gygam</strong></span> 
     </span>
    </p>
   </div>
   <div class='ocr_carea' id='block_1_5' title="bbox 187 3649 1335 4255">
    <p class='ocr_par' dir='ltr' id='par_1_8' title="bbox 187 3649 1335 4255">
     <span class='ocr_line' id='line_1_39' title="bbox 208 3649 1334 3714; baseline -0.003 -13"><span class='ocrx_word' id='word_1_309' title='bbox 208 3658 282 3702; x_wconf 84' lang='lat' dir='ltr'><strong>Kuin.</strong></span> <span class='ocrx_word' id='word_1_310' title='bbox 296 3656 359 3699; x_wconf 89' lang='lat' dir='ltr'><strong>miro</strong></span> <span class='ocrx_word' id='word_1_311' title='bbox 372 3649 481 3707; x_wconf 85' lang='lat' dir='ltr'><strong>errore.)</strong></span> <span class='ocrx_word' id='word_1_312' title='bbox 489 3676 521 3686; x_wconf 94' lang='lat'>—</span> <span class='ocrx_word' id='word_1_313' title='bbox 531 3654 578 3696; x_wconf 82' lang='lat' dir='ltr'><strong>Alii</strong></span> <span class='ocrx_word' id='word_1_314' title='bbox 588 3651 620 3697; x_wconf 87' lang='lat' dir='ltr'><strong>Et</strong></span> <span class='ocrx_word' id='word_1_315' title='bbox 632 3654 656 3697; x_wconf 78' lang='lat' dir='ltr'><strong>ai</strong></span> <span class='ocrx_word' id='word_1_316' title='bbox 665 3667 713 3711; x_wconf 78' lang='lat' dir='ltr'><strong>qno</strong></span> <span class='ocrx_word' id='word_1_317' title='bbox 727 3651 833 3712; x_wconf 63' lang='lat' dir='ltr'><strong>Ortygie</strong></span> <span class='ocrx_word' id='word_1_318' title='bbox 840 3686 847 3708; x_wconf 89' lang='lat'><em>‚</em></span> <span class='ocrx_word' id='word_1_319' title='bbox 859 3655 919 3698; x_wconf 78' lang='lat' dir='ltr'><strong>narde</strong></span> <span class='ocrx_word' id='word_1_320' title='bbox 929 3653 1028 3697; x_wconf 87' lang='lat' dir='ltr'><strong>Lachm.</strong></span> <span class='ocrx_word' id='word_1_321' title='bbox 1042 3664 1048 3697; x_wconf 74' lang='grc' dir='ltr'>ε</span> <span class='ocrx_word' id='word_1_322' title='bbox 1060 3674 1098 3686; x_wconf 93' lang='grc'><strong>-</strong></span> <span class='ocrx_word' id='word_1_323' title='bbox 1106 3652 1139 3697; x_wconf 77' lang='lat' dir='ltr'><strong>Er</strong></span> <span class='ocrx_word' id='word_1_324' title='bbox 1149 3654 1182 3710; x_wconf 77' lang='lat' dir='ltr'><strong>ai,</strong></span> <span class='ocrx_word' id='word_1_325' title='bbox 1198 3669 1251 3714; x_wconf 79' lang='lat' dir='ltr'><strong>qua</strong></span> <span class='ocrx_word' id='word_1_326' title='bbox 1262 3653 1334 3713; x_wconf 74' lang='lat' dir='ltr'><strong>Orty-</strong></span> 
     </span>
     <span class='ocr_line' id='line_1_40' title="bbox 208 3721 1335 3786; baseline -0.006 -17"><span class='ocrx_word' id='word_1_327' title='bbox 208 3728 284 3786; x_wconf 80' lang='lat' dir='ltr'><strong>gias,</strong></span> <span class='ocrx_word' id='word_1_328' title='bbox 304 3737 370 3780; x_wconf 76' lang='lat' dir='ltr'><strong>,qua</strong></span> <span class='ocrx_word' id='word_1_329' title='bbox 389 3721 486 3774; x_wconf 86' lang='lat' dir='ltr'><strong>Caystri</strong></span> <span class='ocrx_word' id='word_1_330' title='bbox 504 3734 548 3764; x_wconf 89' lang='lat' dir='ltr'><strong>ora</strong></span> <span class='ocrx_word' id='word_1_331' title='bbox 566 3727 603 3765; x_wconf 90' lang='lat' dir='ltr'><strong>est</strong></span> <span class='ocrx_word' id='word_1_332' title='bbox 625 3728 675 3765; x_wconf 88' lang='lat' dir='ltr'><strong>tam</strong></span> <span class='ocrx_word' id='word_1_333' title='bbox 693 3722 770 3765; x_wconf 85' lang='lat' dir='ltr'><strong>vicina</strong></span> <span class='ocrx_word' id='word_1_334' title='bbox 790 3722 831 3765; x_wconf 87' lang='lat' dir='ltr'><strong>illa</strong></span> <span class='ocrx_word' id='word_1_335' title='bbox 849 3722 965 3780; x_wconf 76' lang='lat' dir='ltr'><strong>Ortygiae</strong></span> <span class='ocrx_word' id='word_1_336' title='bbox 984 3724 1063 3776; x_wconf 82' lang='lat' dir='ltr'><strong>(retus</strong></span> <span class='ocrx_word' id='word_1_337' title='bbox 1082 3723 1172 3777; x_wconf 81' lang='lat' dir='ltr'><strong>Ephesi</strong></span> <span class='ocrx_word' id='word_1_338' title='bbox 1193 3737 1286 3768; x_wconf 84' lang='lat' dir='ltr'><strong>nomen</strong></span> <span class='ocrx_word' id='word_1_339' title='bbox 1305 3726 1335 3766; x_wconf 87' lang='lat' dir='ltr'><strong>est</strong></span> 
     </span>
     <span class='ocr_line' id='line_1_41' title="bbox 191 3787 1334 3865; baseline -0.007 -25"><span class='ocrx_word' id='word_1_340' title='bbox 191 3796 273 3865; x_wconf 34' lang='lat' dir='ltr'><strong>&amp;fun</strong></span> <span class='ocrx_word' id='word_1_341' title='bbox 292 3791 316 3836; x_wconf 84' lang='lat'><strong>5.</strong></span> <span class='ocrx_word' id='word_1_342' title='bbox 338 3788 404 3847; x_wconf 84' lang='lat'><strong>29.),</strong></span> <span class='ocrx_word' id='word_1_343' title='bbox 426 3794 451 3832; x_wconf 87' lang='lat' dir='ltr'><strong>ut</strong></span> <span class='ocrx_word' id='word_1_344' title='bbox 468 3789 522 3834; x_wconf 88' lang='lat' dir='ltr'><strong>hnic</strong></span> <span class='ocrx_word' id='word_1_345' title='bbox 541 3791 639 3834; x_wconf 84' lang='lat' dir='ltr'><strong>visenda</strong></span> <span class='ocrx_word' id='word_1_346' title='bbox 653 3791 711 3834; x_wconf 90' lang='lat' dir='ltr'><strong>sit.&#39;’</strong></span> <span class='ocrx_word' id='word_1_347' title='bbox 765 3787 807 3833; x_wconf 87' lang='grc'><strong>22.</strong></span> <span class='ocrx_word' id='word_1_348' title='bbox 827 3791 961 3835; x_wconf 80' lang='lat' dir='ltr'><strong>illuCodd.</strong></span> <span class='ocrx_word' id='word_1_349' title='bbox 976 3791 1034 3847; x_wconf 83' lang='lat' dir='ltr'><strong>aliq.</strong></span> <span class='ocrx_word' id='word_1_350' title='bbox 1054 3791 1139 3835; x_wconf 89' lang='lat' dir='ltr'><strong>Burm.</strong></span> <span class='ocrx_word' id='word_1_351' title='bbox 1198 3789 1242 3837; x_wconf 82' lang='lat'><strong>25.</strong></span> <span class='ocrx_word' id='word_1_352' title='bbox 1264 3790 1334 3836; x_wconf 78' lang='lat' dir='ltr'><strong>Atta·</strong></span> 
     </span>
     <span class='ocr_line' id='line_1_42' title="bbox 196 3855 1334 3920; baseline -0.006 -12"><span class='ocrx_word' id='word_1_353' title='bbox 196 3870 304 3920; x_wconf 76' lang='lat' dir='ltr'><strong>&#39;noeque</strong></span> <span class='ocrx_word' id='word_1_354' title='bbox 323 3861 396 3902; x_wconf 76' lang='lat' dir='ltr'><strong>luens</strong></span> <span class='ocrx_word' id='word_1_355' title='bbox 422 3857 488 3901; x_wconf 68' lang='lat' dir='ltr'><strong>coeit</strong></span> <span class='ocrx_word' id='word_1_356' title='bbox 514 3857 574 3902; x_wconf 88' lang='lat' dir='ltr'><strong>Cod.</strong></span> <span class='ocrx_word' id='word_1_357' title='bbox 598 3858 621 3902; x_wconf 89' lang='lat' dir='ltr'><strong>l.</strong></span> <span class='ocrx_word' id='word_1_358' title='bbox 642 3879 672 3891; x_wconf 90' lang='lat'><em>-</em></span> <span class='ocrx_word' id='word_1_359' title='bbox 690 3857 850 3917; x_wconf 76' lang='lat' dir='ltr'><strong>Albanasque</strong></span> <span class='ocrx_word' id='word_1_360' title='bbox 874 3860 947 3903; x_wconf 80' lang='lat' dir='ltr'><strong>lucus</strong></span> <span class='ocrx_word' id='word_1_361' title='bbox 968 3856 1039 3902; x_wconf 82' lang='lat' dir='ltr'><strong>so&#39;eiu</strong></span> <span class='ocrx_word' id='word_1_362' title='bbox 1062 3859 1138 3902; x_wconf 89' lang='lat' dir='ltr'><strong>Codd.</strong></span> <span class='ocrx_word' id='word_1_363' title='bbox 1161 3855 1186 3902; x_wconf 75' lang='lat' dir='ltr'><strong>lt.</strong></span> <span class='ocrx_word' id='word_1_364' title='bbox 1210 3880 1244 3892; x_wconf 93' lang='lat'><em>-</em></span> <span class='ocrx_word' id='word_1_365' title='bbox 1265 3858 1334 3905; x_wconf 80' lang='lat' dir='ltr'><strong>Atta·</strong></span> 
     </span>
     <span class='ocr_line' id='line_1_43' title="bbox 208 3924 1335 3977; baseline -0.008 0"><span class='ocrx_word' id='word_1_366' title='bbox 208 3946 256 3977; x_wconf 77' lang='lat' dir='ltr'><strong>nus</strong></span> <span class='ocrx_word' id='word_1_367' title='bbox 283 3931 357 3973; x_wconf 77' lang='lat' dir='ltr'><strong>Iocus</strong></span> <span class='ocrx_word' id='word_1_368' title='bbox 384 3933 408 3970; x_wconf 82' lang='lat' dir='ltr'><strong>et</strong></span> <span class='ocrx_word' id='word_1_369' title='bbox 430 3926 495 3970; x_wconf 78' lang='lat' dir='ltr'><strong>socii</strong></span> <span class='ocrx_word' id='word_1_370' title='bbox 519 3928 603 3970; x_wconf 83' lang='lat' dir='ltr'><strong>ceteri.</strong></span> <span class='ocrx_word' id='word_1_371' title='bbox 633 3925 695 3970; x_wconf 89' lang='lat' dir='ltr'><strong>Cum</strong></span> <span class='ocrx_word' id='word_1_372' title='bbox 715 3928 814 3970; x_wconf 84' lang='lat' dir='ltr'><strong>bacbm.</strong></span> <span class='ocrx_word' id='word_1_373' title='bbox 849 3929 925 3973; x_wconf 87' lang='lat' dir='ltr'><strong>secuti</strong></span> <span class='ocrx_word' id='word_1_374' title='bbox 947 3940 1029 3970; x_wconf 78' lang='lat' dir='ltr'><strong>suanus</strong></span> <span class='ocrx_word' id='word_1_375' title='bbox 1057 3928 1103 3970; x_wconf 85' lang='lat' dir='ltr'><strong>Ed.</strong></span> <span class='ocrx_word' id='word_1_376' title='bbox 1130 3929 1195 3971; x_wconf 87' lang='lat' dir='ltr'><strong>Ven.</strong></span> <span class='ocrx_word' id='word_1_377' title='bbox 1218 3924 1298 3972; x_wconf 87' lang='grc'><strong>1500.</strong></span> <span class='ocrx_word' id='word_1_378' title='bbox 1316 3930 1335 3968; x_wconf 86' lang='lat' dir='ltr'><strong>et</strong></span> 
     </span>
     <span class='ocr_line' id='line_1_44' title="bbox 190 3988 1335 4054; baseline -0.006 -11"><span class='ocrx_word' id='word_1_379' title='bbox 190 3988 354 4053; x_wconf 70' lang='lat' dir='ltr'><strong>{Fi-aucium,</strong></span> <span class='ocrx_word' id='word_1_380' title='bbox 376 4010 447 4053; x_wconf 88' lang='lat' dir='ltr'><strong>quum</strong></span> <span class='ocrx_word' id='word_1_381' title='bbox 467 3999 592 4049; x_wconf 88' lang='lat' dir='ltr'><strong>utrumqne</strong></span> <span class='ocrx_word' id='word_1_382' title='bbox 612 3996 690 4037; x_wconf 88' lang='lat' dir='ltr'><strong>lacum</strong></span> <span class='ocrx_word' id='word_1_383' title='bbox 708 3995 795 4038; x_wconf 89' lang='lat' dir='ltr'><strong>iisdem</strong></span> <span class='ocrx_word' id='word_1_384' title='bbox 808 4009 837 4039; x_wconf 84' lang='lat' dir='ltr'><strong>ex</strong></span> <span class='ocrx_word' id='word_1_385' title='bbox 856 3995 962 4039; x_wconf 82' lang='lat' dir='ltr'><strong>fontibus</strong></span> <span class='ocrx_word' id='word_1_386' title='bbox 982 3995 1043 4039; x_wconf 89' lang='lat' dir='ltr'><strong>oriri</strong></span> <span class='ocrx_word' id='word_1_387' title='bbox 1063 3999 1166 4039; x_wconf 89' lang='lat' dir='ltr'><strong>constet.</strong></span> <span class='ocrx_word' id='word_1_388' title='bbox 1208 3993 1252 4039; x_wconf 85' lang='grc'><strong>26.</strong></span> <span class='ocrx_word' id='word_1_389' title='bbox 1274 3997 1335 4054; x_wconf 78' lang='lat' dir='ltr'><strong>lym·</strong></span> 
     </span>
     <span class='ocr_line' id='line_1_45' title="bbox 187 4055 1334 4124; baseline -0.006 -14"><span class='ocrx_word' id='word_1_390' title='bbox 187 4055 195 4117; x_wconf 67' lang='lat' dir='ltr'><strong><em>J</em></strong></span> <span class='ocrx_word' id='word_1_391' title='bbox 207 4066 258 4124; x_wconf 76' lang='lat' dir='ltr'><strong>pta</strong></span> <span class='ocrx_word' id='word_1_392' title='bbox 277 4065 353 4108; x_wconf 88' lang='lat' dir='ltr'><strong>Codd.</strong></span> <span class='ocrx_word' id='word_1_393' title='bbox 374 4063 491 4119; x_wconf 85' lang='lat' dir='ltr'><strong>plerique.</strong></span> <span class='ocrx_word' id='word_1_394' title='bbox 512 4084 545 4093; x_wconf 90' lang='lat'><em>-</em></span> <span class='ocrx_word' id='word_1_395' title='bbox 572 4059 692 4117; x_wconf 78' lang='lat' dir='ltr'><strong>Nympha</strong></span> <span class='ocrx_word' id='word_1_396' title='bbox 713 4064 794 4120; x_wconf 75' lang='lat' dir='ltr'><strong>vulgo.</strong></span> <span class='ocrx_word' id='word_1_397' title='bbox 813 4064 858 4107; x_wconf 81' lang='lat' dir='ltr'><strong>cfr.</strong></span> <span class='ocrx_word' id='word_1_398' title='bbox 877 4066 906 4108; x_wconf 89' lang='lat' dir='ltr'><strong>ad</strong></span> <span class='ocrx_word' id='word_1_399' title='bbox 930 4064 1003 4106; x_wconf 86' lang='lat' dir='ltr'><strong>Lucr.</strong></span> <span class='ocrx_word' id='word_1_400' title='bbox 1028 4061 1058 4117; x_wconf 92' lang='lat'><strong>6,</strong></span> <span class='ocrx_word' id='word_1_401' title='bbox 1089 4060 1167 4107; x_wconf 78' lang='lat'><strong>1173.</strong></span> <span class='ocrx_word' id='word_1_402' title='bbox 1191 4070 1216 4107; x_wconf 87' lang='lat' dir='ltr'><strong>et</strong></span> <span class='ocrx_word' id='word_1_403' title='bbox 1237 4064 1334 4109; x_wconf 75' lang='lat' dir='ltr'><strong>Lacum.</strong></span> 
     </span>
     <span class='ocr_line' id='line_1_46' title="bbox 209 4126 1334 4194; baseline -0.002 -19"><span class='ocrx_word' id='word_1_404' title='bbox 209 4150 234 4189; x_wconf 87' lang='lat' dir='ltr'><strong>p.</strong></span> <span class='ocrx_word' id='word_1_405' title='bbox 255 4129 315 4177; x_wconf 90' lang='grc'><strong>215.</strong></span> <span class='ocrx_word' id='word_1_406' title='bbox 344 4131 382 4194; x_wconf 84' lang='lat' dir='ltr'><strong>uhi</strong></span> <span class='ocrx_word' id='word_1_407' title='bbox 410 4132 478 4188; x_wconf 89' lang='lat' dir='ltr'><strong>locos</strong></span> <span class='ocrx_word' id='word_1_408' title='bbox 506 4129 620 4182; x_wconf 85' lang='lat' dir='ltr'><strong>quosdam</strong></span> <span class='ocrx_word' id='word_1_409' title='bbox 646 4128 729 4180; x_wconf 85' lang='lat' dir='ltr'><strong>affert,</strong></span> <span class='ocrx_word' id='word_1_410' title='bbox 761 4130 784 4171; x_wconf 90' lang='lat' dir='ltr'><strong>in</strong></span> <span class='ocrx_word' id='word_1_411' title='bbox 804 4131 889 4187; x_wconf 85' lang='lat' dir='ltr'><strong>quibua</strong></span> <span class='ocrx_word' id='word_1_412' title='bbox 909 4145 933 4174; x_wconf 82' lang='lat' dir='ltr'><strong>y.</strong></span> <span class='ocrx_word' id='word_1_413' title='bbox 959 4129 1066 4190; x_wconf 76' lang='lat' dir='ltr'><strong>lympha</strong></span> <span class='ocrx_word' id='word_1_414' title='bbox 1084 4126 1275 4190; x_wconf 72' lang='lat' dir='ltr'><strong>non&#39;Nymphu</strong></span> <span class='ocrx_word' id='word_1_415' title='bbox 1293 4131 1334 4187; x_wconf 73' lang='lat' dir='ltr'><strong>lep</strong></span> 
     </span>
     <span class='ocr_line' id='line_1_47' title="bbox 212 4194 1334 4255; baseline -0.003 -10"><span class='ocrx_word' id='word_1_416' title='bbox 212 4201 296 4253; x_wconf 83' lang='lat' dir='ltr'><strong>debet,</strong></span> <span class='ocrx_word' id='word_1_417' title='bbox 326 4198 432 4253; x_wconf 78' lang='lat' dir='ltr'><strong>quamvls</strong></span> <span class='ocrx_word' id='word_1_418' title='bbox 455 4194 650 4238; x_wconf 75' lang='lat' dir='ltr'><strong>dissentientibus</strong></span> <span class='ocrx_word' id='word_1_419' title='bbox 669 4208 738 4248; x_wconf 71' lang='lat' dir='ltr'><strong>saepe</strong></span> <span class='ocrx_word' id='word_1_420' title='bbox 764 4200 787 4239; x_wconf 80' lang='lat' dir='ltr'><strong>et</strong></span> <span class='ocrx_word' id='word_1_421' title='bbox 810 4198 871 4243; x_wconf 87' lang='lat' dir='ltr'><strong>Mss.</strong></span> <span class='ocrx_word' id='word_1_422' title='bbox 903 4205 927 4243; x_wconf 87' lang='lat' dir='ltr'><strong>et</strong></span> <span class='ocrx_word' id='word_1_423' title='bbox 952 4199 1053 4243; x_wconf 84' lang='lat' dir='ltr'><strong>criticis.</strong></span> <span class='ocrx_word' id='word_1_424' title='bbox 1081 4201 1167 4244; x_wconf 81' lang='lat' dir='ltr'><strong>Horat.</strong></span> <span class='ocrx_word' id='word_1_425' title='bbox 1187 4200 1269 4255; x_wconf 78' lang='lat' dir='ltr'><strong>Epod.</strong></span> <span class='ocrx_word' id='word_1_426' title='bbox 1292 4197 1334 4249; x_wconf 83' lang='lat' dir='ltr'><strong>l6,</strong></span> 
     </span>
    </p>
   </div>
   <div class='ocr_carea' id='block_1_6' title="bbox 0 0 1381 4744">
    <p class='ocr_par' dir='ltr' id='par_1_9' title="bbox 0 0 1381 4744">
     <span class='ocr_line' id='line_1_48' title="bbox 0 0 1381 4744; baseline 0 0"><span class='ocrx_word' id='word_1_427' title='bbox 0 0 1381 4744; x_wconf 95' lang='lat' dir='ltr'><strong> </strong></span> 
     </span>
    </p>
   </div>
  </div>
 </body>
</html>
