2736 4748
55 450 145 515 illunc
167 445 428 534 grandinantem,
453 447 479 513 si
502 448 606 532 sapis,
630 448 783 515 tremulum
805 449 907 536 luge,

54 552 184 626 Viator,
208 549 445 632 Hipponactis,
468 551 571 615 hostis
594 551 730 635 Bupali;

53 654 157 717 Atrox
177 651 290 715 iambis
313 652 425 715 stridet
446 651 515 734 ipse
538 652 631 716 etiam
654 652 745 716 cinis.

54 756 135 818 Vide
155 755 346 817 crabronem
369 775 409 816 ne
432 756 600 816 cubantem
623 755 778 819 suscites:

54 856 198 919 Nondum
221 854 360 940 quiescit
381 854 449 918 eius
471 856 554 937 apud
578 856 698 921 Oreum
720 856 835 936 istros,
857 850 862 860 ’

55 959 113 1020 Sed
133 968 223 1021 recte
247 957 352 1022 vibrat
373 958 436 1045 tela
458 956 573 1022 claudo
596 957 748 1023 carmine.

586 1141 641 1205 42.

54 1259 115 1342 Qui
136 1259 275 1345 tragicas
295 1281 395 1326 voces
417 1261 610 1347 multumque
631 1261 787 1327 trahentia
810 1261 913 1327 fastus

43 1418 46 1421 .
113 1365 140 1427 F
143 1365 267 1427 ortibus
290 1362 422 1426 instituit
444 1363 603 1448 stringere
626 1367 725 1427 verba
748 1364 869 1443 modis,

50 1463 250 1545 Aeschylus,
274 1464 518 1549 Euphorionis,
541 1465 713 1530 Eleusinos
735 1467 851 1549 procul
873 1467 976 1545 arvis,

115 1567 332 1634 Concelebrat
352 1569 512 1646 Siculam,
536 1588 599 1654 qua
620 1567 791 1651 sepelitur,
815 1568 956 1635 humum.

585 1753 640 1818 43.

50 1873 236 1954 Acadaylon
259 1872 311 1936 hic
330 1872 472 1956 positum
494 1873 639 1958 loquitur
659 1872 758 1956 lapis,
782 1872 916 1938 Atthide
938 1882 1022 1936 terra

113 1978 195 2038 Tam
218 1976 353 2057 procul,
377 1975 538 2059 ingentem
561 1975 708 2039 carminis
730 1986 798 2039 arte
820 1977 944 2050 viruru,

49 2077 133 2140 Alba
159 2077 260 2140 Gelae
283 2077 381 2141 Siculi
402 2099 507 2161 prope
528 2076 673 2141 flumina:
698 2072 768 2160 quis
789 2075 902 2152 steron,
925 2098 947 2140 o
969 2096 1048 2159 gens

112 2180 280 2257 Theseos,
304 2177 426 2243 invisos
448 2200 576 2263 semper
596 2181 716 2242 habere
736 2176 866 2243 bonos?

587 2364 641 2427 44.

45 2483 224 2550 Decantate
247 2481 375 2559 eboris,
399 2484 602 2566 Sophocles,
627 2492 789 2569 progente
812 2480 972 2563 Sophite,

112 2587 216 2667 Quem
240 2596 337 2649 vocat
359 2587 514 2650 Actaeum
538 2586 636 2649 Musa
658 2587 812 2669 tragoeda
836 2584 946 2661 iubar,

46 2674 154 2754 Catius
176 2691 261 2770 apud
282 2684 412 2750 scaenas
434 2699 465 2749 et
486 2687 608 2769 pulpita
631 2706 726 2768 saepe
748 2684 884 2767 capillos

18 2822 22 2830 ·
114 2789 215 2854 'l'exit
238 2789 455 2854 Acharnensis
476 2788 632 2852 Bacchica
654 2788 745 2852 frons
767 2788 917 2849 hederae.

45 2893 160 2959 Parva
182 2892 256 2954 lieet
277 2901 310 2954 te
329 2894 450 2955 condat
471 2892 602 2965 humus,
625 2900 682 2965 te,¹
697 2887 853 2971 temporis
876 2907 973 2951 ornne-

116 2995 216 3075 Quod
238 2993 343 3071 venit,
366 2993 398 3057 in
420 2993 616 3057 chartaceo
639 2992 793 3056 moriente
817 2989 917 3055 videt.

589 3178 643 3242 45.

44 3299 167 3367 Inclita
190 3298 291 3365 divini
313 3297 432 3363 circum
452 3298 533 3363 haec
555 3307 755 3363 monumenta
777 3294 950 3378 Sophoclis

115 3402 243 3483 Serpite
265 3401 452 3484 paullatim,
476 3401 596 3482 serpitc
618 3421 680 3463 vos
701 3401 854 3464 hederae.

45 3504 186 3569 Floreat
209 3505 260 3565 hic
281 3503 347 3571 illie
369 3523 505 3566 vernans
527 3522 602 3565 rosa
624 3522 765 3585 saxaque
788 3504 867 3564 dura

191 3703 251 3747 Atha
270 3702 344 3748 Gelae
362 3702 437 3749 Siculi
458 3715 532 3758 prope
550 3702 657 3752 flumina.
693 3697 781 3748 vestra
800 3703 856 3760 qnld
870 3707 946 3761 'urget

227 3772 307 3828 Usque
325 3771 402 3816 bonos
419 3772 499 3828 eires,
519 3768 667 3828 Cecropidae
677 3802 684 3826 ,
703 3770 812 3816 inuidia?

120 3837 166 3900 45]
184 3839 314 3885 Cuniehius
332 3851 386 3885 sae:

189 3910 226 3957 lte
245 3910 406 3964 Sophocleum
422 3908 513 3964 placide
531 3913 643 3966 serpente
662 3909 779 3963 corymbo

225 3978 274 4023 Per
293 3980 409 4023 turnulntn
427 3982 452 4022 et
468 3978 515 4021 vati
534 3978 629 4034 plectite
648 3983 731 4033 serta,
752 3979 875 4035 hederae;

192 4047 256 4091 vitis
273 4051 298 4091 et
316 4047 424 4091 uvidnlos
443 4048 591 4092 circumdet
609 4048 670 4091 laeta
688 4061 814 4101 racemos,

227 4116 335 4172 Undique
354 4121 379 4160 et
398 4129 411 4159 e
429 4116 495 4159 molli
514 4129 540 4160 se
557 4130 613 4160 rosa
630 4116 713 4161 lurdat
731 4118 813 4162 hunno.

193 4184 240 4230 Dis
257 4186 302 4229 siri
321 4185 367 4228 hoc
384 4184 473 4228 meruit
490 4185 620 4240 sapientis,
640 4186 815 4244 suaviloquenti

229 4254 343 4300 Carmine
361 4254 399 4298 cni
417 4253 501 4297 Musas
518 4255 614 4299 miscuit
631 4260 655 4300 et
672 4256 794 4300 Charitas.

1151 2891 1171 2955 5
