2750 4744
97 331 138 392 In
159 349 228 392 mea
249 325 363 391 sortiti
384 324 502 389 iudicet
523 344 595 389 ossa
615 324 692 406 pili.

38 430 207 493 Assideant
230 429 365 506 iratres,
389 427 479 490 iuxta
504 424 631 490 Minoia
653 423 747 500 sella,
811 450 814 459 ·

96 530 307 595 Eumenidum
330 527 454 591 intento
476 530 569 589 turba
588 547 699 590 severs
721 529 810 590 loro.

37 631 187 713 Sisyphe,
211 631 295 693 mole
318 650 432 703 vaces,
456 639 582 690 taceant
603 626 727 690 Ixionis
750 628 864 703 orbes,

95 733 211 795 Fallax
234 732 390 794 Tantaleo
412 729 591 810 corripiare
613 729 733 811 liquor.

36 832 200 898 Cerberus
220 843 251 893 et
273 832 374 894 nullas
399 830 495 893 hodie
516 841 604 911 petat
625 830 793 911 improbus
816 833 963 905 umbras,
1110 832 1149 893 25

98 935 143 995 Et
164 933 265 994 iaceat
286 932 382 995 tacita
400 931 491 1011 lapsa
511 943 620 992 catena
641 952 725 993 seru.

33 1034 107 1115 ipsa
129 1034 248 1116 loquar
269 1025 332 1113 pro
355 1053 419 1096 me.
464 1031 497 1093 Si
518 1032 614 1106 sallo,
639 1049 743 1113 poena
768 1051 939 1107 sororum,

94 1134 214 1197 Infelix
232 1135 383 1196 humeros
405 1143 518 1215 urgeat
537 1153 616 1194 urna
641 1153 742 1197 meos.

33 1236 65 1297 Si
87 1236 141 1298 cui
161 1237 246 1299 sama
268 1235 330 1297 suit
351 1255 410 1315 per
430 1232 512 1296 avita
540 1246 672 1315 tropaea
694 1233 820 1310 decori,
914 1287 919 1297 ,

92 1337 178 1400 Afra
200 1335 413 1398 Numantinos
435 1356 536 1419 regna
556 1335 732 1419 loquuntur
755 1356 852 1410 avos3

31 1439 144 1500 Altera
168 1448 328 1514 maternos
352 1447 509 1519 exaequat
531 1437 624 1497 turba
649 1437 794 1499 Libones

92 1541 139 1601 Et
161 1541 274 1600 domus
295 1524 343 1598 est
366 1537 464 1599 titulis
484 1548 620 1619 utraque
641 1537 721 1599 suita
744 1536 822 1599 siris.

30 1641 137 1715 Mox,
162 1638 218 1700 ubi
237 1637 298 1699 iam
322 1637 444 1700 facibus
465 1637 560 1699 cessit
582 1650 748 1717 praetexta
772 1623 909 1713 maritis,
965 1694 968 1702 .

92 1738 211 1802 Vinxit
233 1751 264 1801 et
288 1749 437 1819 acceptas
460 1738 558 1800 altera
579 1737 656 1801 vitta
680 1759 810 1814 comas,

25 1953 96 2016 pald)
117 1959 203 2002 sortito
223 1956 346 2014 quaesitor
370 1956 429 1999 mihi
456 1956 585 2014 obtigerit,
614 1959 634 2001 is
654 1954 763 2012 appositi
783 1953 842 2000 orni
860 1970 882 2002 s.
903 1958 997 2010 sitella,
1029 1960 1052 2003 in
1071 1973 1151 2017 ,quum

27 2030 152 2071 mittantur
174 2027 278 2070 iudicum
296 2029 433 2068 ceterorum
452 2025 567 2078 tabellae,
598 2027 677 2082 utique
696 2028 784 2070 iudicet
798 2026 826 2069 iu
843 2039 899 2069 ineu
917 2039 991 2080 osea,
1011 2029 1105 2082 poetica
1123 2029 1148 2073 h.

27 2098 45 2139 Ι.
71 2097 252 2141 constructione
284 2103 316 2136 =
346 2094 374 2136 de
404 2093 499 2137 ossibus
520 2096 598 2147 meis,
627 2097 655 2139 de
674 2109 712 2137 me
736 2086 840 2138 mortus,
875 2094 1014 2139 Assideont
1024 2092 1148 2154 fratres,

26 2164 222 2217 Rhadamanthus
250 2162 304 2205 scil.
324 2166 348 2205 et
368 2161 467 2216 Minos,
500 2176 570 2218 quem
589 2164 698 2206 consulto
719 2164 869 2208 rnanifestius
888 2165 997 2223 designat
1014 2178 1052 2209 rr.
1080 2179 1148 2222 seqq.

27 2234 104 2276 iuxta
123 2232 179 2290 (sit)
196 2229 296 2274 Μίηοία
322 2230 401 2284 sellu,
434 2235 458 2273 et
476 2244 538 2274 nono
556 2224 721 2295 ἀσυνδέτῳ,
752 2246 798 2274 non
817 2232 869 2276 sine
890 2238 942 2277 arte
963 2235 986 2276 in
1005 2235 1149 2291 gravissimo

26 2301 73 2344 boc
91 2305 203 2355 poemate
225 2299 367 2355 observatu
393 2299 528 2352 proximam
551 2313 666 2343 coronam
684 2301 757 2344 veluti
778 2301 914 2344 auditorum
939 2303 1085 2346 constituant
1101 2303 1150 2346 En·

25 2369 155 2424 merides,
175 2372 199 2412 ln
218 2380 276 2425 ques
295 2367 410 2411 intentum
432 2368 464 2411 sit
487 2372 563 2412 totum
580 2369 675 2421 forum,
696 2370 713 2413 i.
732 2383 754 2413 e.
774 2362 921 2426 reliquarum
935 2370 1074 2415 umbrarum
1088 2373 1150 2416 mul·

23 2438 113 2482 titudo.
159 2437 211 2481 Cir.
231 2436 304 2481 etiam
323 2438 437 2479 Senecam
453 2436 525 2483 llere.
545 2438 593 2482 fur.
615 2435 639 2491 3,
662 2434 720 2482 73t.
763 2435 819 2480 Non
838 2451 902 2482 uuus
921 2444 978 2482 urta
997 2438 1056 2483 sede
1074 2454 1149 2497 qure-

25 2506 91 2550 eitor
110 2505 203 2550 sedens
221 2503 321 2548 Iudicio
338 2503 444 2561 trepidis
462 2518 522 2548 sere
540 2506 646 2550 sortitur
663 2507 726 2549 reis.
762 2504 853 2550 Aditur
870 2507 915 2550 illo
934 2504 1045 2552 Gnosius
1062 2506 1150 2553 Minos

15 2570 104 2631 soro;
140 2572 270 2620 Rkuduinu
316 2587 345 2616 us
373 2574 438 2627 illo;
469 2571 583 2618 Thetidis
601 2573 647 2618 lior
665 2573 737 2618 cudit
753 2587 835 2618 socer.
872 2576 998 2635 Magistris
1021 2575 1149 2621 indicanda

23 2648 61 2686 est
82 2643 214 2697 praecipua
235 2644 291 2686 lect.
307 2642 430 2686 varietas:
450 2640 477 2685 Is
495 2656 551 2685 mea
568 2640 660 2687 sortita
677 2642 786 2687 uindicet
801 2654 862 2687 osso
876 2641 942 2700 pilei.
980 2645 1073 2700 (Heius.
1093 2648 1148 2689 scil.

22 2710 60 2755 le.
83 2711 147 2755 cdd.
166 2712 222 2767 aliq.
243 2707 374 2764 vindicet.)
392 2734 426 2744 -
443 2709 564 2754 Assideet
573 2708 663 2769 frater
682 2712 897 2768 (Rhadamanthus)
916 2713 991 2757 iuxta
1010 2719 1033 2756 et
1050 2711 1149 2757 Minoia

20 2780 91 2824 sella
111 2780 209 2824 Santen.
229 2802 263 2812 -
281 2777 418 2824 Aseideent
428 2774 546 2836 fratres,
577 2780 652 2823 iuxta
671 2779 769 2824 Minoia
787 2782 865 2833 sella,
892 2780 1039 2834 rtPuecius,
1057 2782 1147 2840 Vulgo.
1200 2838 1203 2844 s

20 2846 168 2892 derideant
179 2845 283 2906 fratres
310 2848 378 2891 iusta
397 2846 527 2891 miuonida
552 2849 642 2892 sellem
663 2847 723 2892 Cod.
751 2849 869 2906 Groning.
889 2850 906 2894 i.
933 2863 956 2893 e.
975 2848 1007 2892 A.
1023 2845 1051 2907 f.
1074 2850 1150 2894 iuxta

17 2914 145 2961 Minoida
169 2919 268 2961 sellem.
288 2937 319 2952 -
337 2915 457 2960 Assideot
465 2910 570 2975 fratres
588 2918 663 2961 iuxta
685 2922 710 2960 et
729 2916 845 2961 Minoida
866 2919 956 2961 sellom
980 2915 1148 2962 Eumenidum

20 3011 30 3020 -
50 3011 63 3020 ·
82 2984 162 3029 turba
179 2986 383 3044 egonliqusndo,
416 2998 469 3028 cum
490 2985 589 3029 Lachm·
608 2986 654 3030 Ed.
680 2999 709 3040 pr
728 3017 735 3040 ,
755 2986 794 3044 qui
816 2990 895 3031 tamen
918 2987 1052 3031 retinuerat
1075 2985 1149 3030 Assi-

17 3052 111 3098 dsant.
132 3054 204 3098 lacob
222 3056 322 3111 denique
343 3055 485 3108 proposuit:
506 3051 538 3097 Ut
559 3067 615 3097 mee
633 3055 724 3098 sortito
741 3053 849 3098 uindicet
866 3067 926 3098 osse
944 3055 1014 3110 pilu,
1042 3052 1148 3098 Asside·

16 3128 67 3166 out
77 3118 186 3181 srutree
197 3154 204 3177 ‚
233 3122 307 3166 iuxta
324 3119 441 3165 Minoida
461 3123 551 3166 sellum
565 3121 732 3167 Euiuenidum
747 3123 811 3168 cet.’'
830 3122 863 3166 ita
879 3128 903 3167 ut
917 3122 1077 3166 Eumenidum
1099 3127 1148 3165 tur-

16 3192 66 3244 ha,
98 3192 187 3235 sortito
211 3191 273 3235 inler
293 3191 384 3234 iudices
414 3192 517 3235 selectos
538 3192 646 3244 adscita,
675 3191 792 3243 vindicet,
817 3191 927 3235 absolvet
943 3202 981 3234 ure
1002 3191 1149 3235 mortuam.”

16 3262 90 3316 Quae
110 3265 190 3303 minen
206 3259 269 3302 ratio
282 3261 369 3302 multas
382 3263 480 3314 propter
500 3260 607 3303 rationes
619 3261 782 3314 postponenda
794 3259 888 3303 ridetur
906 3263 1003 3303 nostrae
1018 3271 1024 3316 ;
1044 3260 1148 3304 maxime

15 3329 80 3385 quia
103 3328 250 3372 Eumenides
266 3329 333 3371 nullo
357 3329 428 3370 modo
449 3328 477 3371 in·
496 3328 600 3372 iudicum
616 3341 742 3372 numerurm
759 3327 847 3372 referri
866 3332 975 3383 possunt.
1031 3325 1073 3373 2³.
1094 3342 1148 3372 cee-

14 3401 78 3440 sent
96 3410 144 3451 pro
161 3400 260 3439 taceant
276 3396 395 3449 Porcius,
427 3409 457 3440 ex
474 3396 601 3441 manifesta
622 3397 817 3451 interpolatione.
880 3394 923 3440 24.
944 3394 1066 3440 Tantaleo
1088 3410 1149 3441 cor-

12 3467 110 3521 ripere
128 3477 173 3507 ore
189 3464 272 3522 liquor
289 3468 374 3508 niteat.
395 3464 478 3508 Heius.
500 3484 535 3496 -·
559 3463 693 3509 Tantalide
711 3467 748 3510 vel
769 3463 921 3510 Tantalidae
946 3465 1059 3508 Passovii
1078 3476 1146 3519 susp.

10 3557 49 3567 -
87 3530 244 3576 Tantalidae
267 3533 359 3586 recepit
388 3533 471 3576 Iacob.
499 3529 541 3580 27.
572 3535 662 3592 loquar
690 3547 702 3576 e
737 3532 798 3577 Cdd.
824 3533 873 3577 lec.
898 3530 945 3577 Lt.
977 3546 1021 3586 pro
1048 3530 1147 3590 loquor.

11 3598 62 3647 30.
94 3596 165 3658 Afra
191 3605 229 3644 est
261 3601 325 3645 Scal.
351 3601 414 3644 coni.
444 3599 512 3644 Libri
539 3599 617 3656 Atro,
647 3600 729 3654 Aere,
759 3598 839 3653 Vere,
870 3603 930 3645 unde
957 3600 1025 3655 Lips.
1055 3598 1148 3645 Vers‘u.

10 3666 60 3713 31.
84 3668 191 3722 „Altera
215 3668 313 3725 turba„
331 3673 465 3713 maternum
483 3680 558 3727 genus
582 3675 698 3726 exaequat
715 3669 821 3714 Libones
839 3669 965 3723 Aemiliis,
992 3669 1082 3714 seriem
1106 3668 1149 3714 Li·

7 3740 114 3781 honum
135 3736 245 3780 Aemiliis
269 3737 501 3793 aequiparandornm
523 3737 650 3794 exhibet;’'
669 3740 693 3782 in
715 3752 762 3795 quo
785 3737 893 3794 equidem
911 3738 968 3782 nihil
988 3739 1042 3783 diiri
1057 3739 1147 3793 uideo,

7 3800 170 3861 praesertim
193 3805 255 3860 apud
273 3806 350 3860 Prop.
376 3805 448 3849 lacob
476 3817 560 3860 susp:
585 3804 673 3851 Altero
690 3812 804 3850 materno
824 3819 852 3849 ee
870 3813 996 3866 exaequet
1010 3806 1084 3852 turbe
1104 3807 1149 3852 Li·

7 3875 82 3918 bone
112 3872 176 3929 quod
201 3875 296 3928 ipsum,
333 3874 354 3917 si
378 3873 455 3928 Prop.
486 3875 641 3928 scripsisset,
671 3875 776 3918 meliore
808 3874 913 3920 fortasse
938 3876 990 3921 iure
1020 3876 1149 3931 „durum”

7 3943 162 3987 baberetur.
220 3938 262 3986 34.
282 3943 498 4000 Vulgouspersos
519 3956 548 3985 ex
563 3944 665 4002 eleganti
683 3944 757 3988 Pucc.
773 3945 867 3989 emend.
902 3942 993 3988 Facem
1011 3944 1148 4001 innuptiis

7 4013 38 4055 in
59 4008 188 4054 bonorem
206 4005 306 4054 Cereris
321 4008 505 4069 proferebant,
533 4024 646 4070 equoque
665 4010 866 4072 adspergebetur
885 4026 950 4058 nonu
970 4017 1062 4070 nupto,
1094 4011 1148 4054 sice

7 4085 37 4124 ut
59 4083 141 4122 castr
157 4092 274 4138 puroque
297 4078 332 4124 od
357 4079 438 4124 sirum
458 4079 568 4135 reniret,
599 4081 652 4125 sius
671 4085 697 4125 ut
715 4094 809 4140 equom
823 4087 897 4142 etque
914 4083 1001 4141 iguem
1020 4091 1077 4123 eum
1094 4080 1148 4124 siro

7 4147 230 4197 rommuuiecret.
280 4148 370 4194 Festus
392 4150 416 4194 iu
442 4146 543 4198 Furem.
569 4147 692 4207 deceptos
711 4151 817 4206 explica,
846 4162 930 4206 „quos
950 4151 1009 4193 vitta
1033 4147 1145 4202 accepit,

7 4216 121 4262 siluit)r
722 4220 723 4223 ’
