2750 4744
211 183 279 248 171·
371 180 384 197 “

212 338 246 401 Si
268 349 300 399 te
321 338 408 400 forte
430 335 542 398 iuvant
562 334 675 397 Helles
700 332 947 397 Athamantidos
969 334 1066 396 nrbes

272 442 344 502 Nec
366 437 543 511 desiderio,
570 437 683 511 Tulle,
708 456 839 498 movere
862 456 960 510 meo,
1037 496 1041 503 .

212 543 264 604 'l'u
287 540 360 602 licet
382 537 538 620 adspicias
562 538 684 600 caelum
706 556 800 601 omne
822 536 954 603 Atlanta
976 548 1141 619 gerentem

274 642 431 726 Sectaque
454 641 576 704 Persea
598 637 780 721 Phorcidos
804 657 863 699 ora
885 658 996 712 manti,
1022 695 1025 699 .

212 744 387 822 Geryonae
412 739 535 803 stabula
557 749 589 801 et
609 739 781 800 luctantum
804 737 835 800 in
859 739 994 819 pirlvere
1018 740 1111 823 signa

273 842 424 906 Herculis
446 839 628 923 Antaeique
651 838 929 920 Hesperidumque
952 841 1093 916 choros,

182 936 191 951 ‘
212 947 328 1026 Tuque
349 954 407 1006 tuo
431 940 588 1005 Colchum
612 940 775 1021 propellas
797 939 919 1023 remige
941 939 1062 1003 Phasin

139 1119 146 1125 ,
272 1044 482 1127 Peliacaeque
503 1040 603 1104 trabis
624 1052 728 1104 totum
749 1041 809 1103 iter
830 1041 900 1121 ipse
924 1042 1032 1124 legas,

196 1146 283 1225 Qua
305 1145 392 1207 riidis
415 1147 531 1225 Argoa
553 1153 639 1204 natat
661 1142 743 1204 inter
764 1162 843 1203 saxa
865 1142 1015 1204 columba

274 1247 311 1307 In
334 1244 447 1306 faciem
471 1262 589 1323 prorae
610 1241 705 1322 pinus
728 1243 836 1304 adacta
859 1262 983 1305 novae:

150 1362 154 1367 ’
209 1345 323 1422 Etsi,
349 1366 411 1428 qua
435 1342 591 1425 Ortygiae
615 1342 742 1405 visenda
766 1352 814 1405 est
837 1363 897 1405 ora
919 1342 1052 1422 Caystri

275 1447 318 1508 Et
341 1465 402 1526 qua
424 1454 569 1524 septenas
593 1453 748 1523 temperat
771 1444 852 1504 unda
879 1443 966 1519 vias,

212 1545 326 1609 Omnia
350 1546 516 1607 Romanae
539 1546 653 1605 cedent
679 1542 828 1613 miracula
852 1555 978 1607 terrae:

274 1647 397 1707 Natura
418 1644 472 1706 hic
498 1643 623 1724 posuit,
648 1643 803 1727 quidquid
828 1644 948 1727 ubique
971 1645 1046 1708 fuit.

212 1745 324 1808 Armis
346 1755 418 1825 apta
441 1743 541 1826 magis
564 1745 656 1813 tellus
681 1765 773 1825 quam
799 1748 970 1809 commoda
990 1764 1120 1823 noxae,
1180 1792 1182 1795 -

274 1848 425 1920 Famam,
451 1846 575 1918 Roma,
600 1856 673 1907 tuae
696 1847 882 1925 nonpudet
904 1847 1079 1910 historiae:

210 1948 292 2009 Narn
315 1958 465 2031 quantum
487 1945 599 2020 ferro,
624 1956 743 2007 tantum
767 1945 884 2026 pietate
906 1959 1054 2027 potentes

276 2051 422 2121 Stamus;
446 2045 595 2109 victrices
619 2057 776 2125 temperat
797 2045 845 2108 ira
869 2069 992 2130 manus.

210 2149 275 2212 Hic
296 2148 383 2211 Anio
408 2147 554 2209 Tiburne
576 2145 670 2222 fluis,
696 2145 876 2209 Clitumnus
899 2152 939 2210 ab
961 2149 1089 2214 Umbro

274 2248 417 2312 Tramite
432 2259 471 2310 'et
493 2259 654 2321 aeternum
679 2247 823 2309 Marcius
845 2249 961 2313 hunmr
984 2272 1092 2332 opus,

211 2351 355 2414 Albanus
378 2349 465 2411 lacus
490 2359 521 2409 et
545 2347 632 2410 socia
656 2348 867 2410 Nemorensis
890 2353 930 2412 ab
954 2354 1036 2414 unda

275 2452 424 2531 Potaque
447 2447 591 2512 Pollucis
617 2448 747 2529 lympha
770 2449 908 2512 salubris
935 2472 1033 2534 equo.

282 2627 306 2674 1.
332 2628 418 2683 „Licet
448 2630 595 2684 Hellesponti
620 2629 710 2682 orbes,
739 2630 851 2684 Atlanta,
872 2631 1032 2676 Mauritaniae
1048 2633 1193 2691 Tingitanae
1211 2640 1330 2687 montem,

211 2699 336 2757 Gorgades
349 2699 439 2742 insulas
452 2696 561 2752 (doraum
580 2703 605 2741 ut
624 2698 710 2751 niani,
730 2697 867 2755 aliquando
886 2698 1052 2758 Gorgonum
1071 2703 1155 2754 Meta,
1179 2700 1204 2755 3,
1228 2702 1275 2758 9.),
1296 2703 1331 2746 ubi

210 2768 315 2812 Perseus
335 2768 463 2818 Medusae,
495 2767 583 2808 Phorci
602 2763 683 2819 litiae,
709 2771 780 2819 eaput
796 2770 941 2822 amputavit,
960 2768 1102 2822 Erythinoi,
1130 2770 1262 2823 Geryonae
1281 2773 1333 2815 olim

210 2836 394 2888 habitationem,
425 2838 448 2878 et
469 2834 552 2877 Antaei
572 2835 665 2891 regiam
681 2835 787 2877 lrassam
805 2836 835 2878 ad
853 2836 964 2889 paludem
984 2838 1156 2892 Tritonidem,
1177 2840 1333 2894 Hesperidum

209 2906 294 2949 hortos
321 2906 345 2947 in
364 2901 496 2956 Cyrenaica
516 2902 574 2946 olim
598 2903 676 2955 sitos,
695 2903 831 2954 Phasidos,
853 2903 964 2958 Caystri,
991 2905 1087 2961 Nilique
1107 2921 1166 2951 oras
1185 2910 1333 2962 perlustres,

210 2979 289 3017 tamen
309 2972 367 3016 nihil
386 2971 508 3023 invenies,
529 2970 592 3027 quod
616 2971 698 3014 ltaliae
723 2972 858 3025 comparari
877 2974 980 3027 possit.’¹
997 2975 1081 3017 Burin.
1100 2980 1124 3017 et
1139 2976 1216 3019 Kuin.
1238 2977 1333 3031 —Alii

209 3056 232 3086 v.
262 3039 302 3086 16.
330 3040 466 3097 intelligunt
489 3039 595 3082 Rhesum
627 3053 647 3082 s.
672 3038 780 3082 Rhebam
801 3032 839 3083 1Ὶ.
863 3039 887 3083 in
906 3041 1016 3085 faucibus
1038 3043 1143 3096 Bospori
1166 3045 1234 3087 Plin.
1261 3042 1292 3100 6,
1313 3043 1332 3088 1.

152 3141 155 3147 .
210 3125 280 3170 quem
299 3104 467 3176 ἑπτάποροι)
485 3108 545 3152 dixit
563 3106 662 3151 Nouuns
679 3107 780 3161 Dionys.
805 3105 834 3166 3,
856 3105 914 3153 193.
973 3107 1014 3154 13.
1041 3111 1199 3165 „Supplent:
1222 3127 1282 3156 enan
1294 3112 1333 3156 Ar-

209 3193 260 3240 goa
278 3176 407 3229 columba,
428 3177 491 3232 quod
509 3173 562 3219 fieri
578 3177 668 3232 nequit.
683 3176 762 3219 Vatie.
784 3172 808 3220 5.
829 3175 971 3236 Argodocc.
992 3178 1077 3222 Unus:
1098 3178 1193 3225 Areon.
1215 3181 1284 3240 Lege
1296 3183 1334 3239 igi·

209 3254 268 3292 tur:
298 3245 353 3307 (lun
372 3244 434 3288 duce
452 3240 563 3287 Chaonio
581 3256 633 3292 -;
653 3257 738 3288 versus
763 3247 924 3299 corruptelam
944 3247 1063 3289 contraxit
1082 3261 1094 3290 e
1114 3249 1169 3291 loeo
1189 3250 1286 3303 simili,
1306 3247 1333 3300 2,

210 3315 242 3360 26
252 3346 259 3368 ,
281 3312 322 3358 39.
345 3325 417 3371 quom
435 3310 507 3355 rudia
525 3311 612 3371 Argus
631 3311 694 3355 Dux
714 3317 770 3355 erat
788 3313 882 3372 ignoto,
896 3314 977 3358 misac
989 3314 1104 3358 columbo
1118 3306 1215 3360 andri.”
1232 3318 1333 3362 tlusehl.

209 3386 239 3428 ad
255 3381 312 3426 Tib.
331 3378 361 3433 1,
389 3378 418 3432 1,
446 3375 487 3424 10.
530 3380 604 3424 Recte
632 3381 727 3437 quidem
751 3382 780 3424 ad
802 3382 959 3436 sententiam,
991 3385 1033 3427 sed
1055 3376 1150 3437 parum¹
1165 3386 1333 3439 probabiliter.

210 3453 271 3497 lllnd
292 3451 371 3494 Vatis.
393 3444 417 3492 5.
437 3445 599 3507 Argodrece,
616 3450 648 3492 nit
667 3450 730 3494 aliud
753 3454 806 3502 est,
839 3451 884 3494 nisi
910 3446 1031 3509 glossema
1055 3451 1188 3496 ablativum
1214 3456 1286 3499 illum
1300 3467 1334 3499 er-

209 3522 315 3578 plicans:
349 3516 437 3577 Argoa
462 3519 520 3560 duce
539 3517 661 3561 eolasanba.
707 3516 760 3576 ⁴15.
784 3517 860 3562 Codd.
881 3519 905 3561 ai
923 3533 971 3576 qna
990 3519 1064 3579 origo
1082 3522 1119 3563 vel
1138 3520 1245 3581 origne.
1266 3522 1335 3565 -n'

114 3621 118 3625 -
209 3603 286 3650 quone
313 3586 437 3645 olorigeri
465 3585 519 3629 ltali
548 3591 661 3629 correett.
681 3608 719 3639 7-
749 3583 782 3628 Et
800 3601 848 3643 qno
867 3585 972 3647 Gygcei
989 3588 1040 3631 alii.
1060 3586 1105 3640 (Et
1122 3590 1147 3631 ai
1166 3604 1218 3647 qun
1238 3590 1335 3650 Gygen

209 3660 283 3705 Kuin.
297 3656 360 3700 miro
374 3650 522 3708 errore.)-
533 3655 579 3697 Alii
589 3651 622 3697 Et
633 3655 657 3698 ai
667 3668 714 3711 quc
728 3652 848 3713 Ortygie,
860 3657 921 3700 uude
931 3655 1029 3700 Lachm.
1043 3667 1050 3700 ;
1062 3677 1100 3688 -
1108 3655 1186 3713 Etsi,
1202 3673 1254 3717 qua
1265 3657 1334 3717 Orty-

209 3729 285 3789 giae,
305 3737 372 3781 ,qua
390 3721 487 3776 Caystri
506 3736 549 3765 ora
568 3727 605 3766 est
627 3728 676 3766 tatu
695 3724 772 3766 vicina
791 3724 832 3766 illa
851 3723 966 3782 Ortygiae
986 3725 1065 3778 (vetus
1084 3725 1176 3779 Ephesi
1196 3741 1288 3771 nomen
1306 3730 1334 3770 est

194 3799 274 3844 Ptin.
293 3793 317 3838 5.
339 3790 405 3850 29.)‚
427 3796 452 3834 ut
469 3790 523 3836 huic
542 3791 641 3835 visenda
655 3792 712 3835 sit.'’
767 3788 808 3834 22.
828 3792 962 3837 illnCodd.
977 3793 1035 3849 aliq.
1056 3794 1141 3837 Burin.
1201 3793 1247 3840 25.
1268 3794 1334 3840 Atta-

195 3872 305 3925 'uuaqne
324 3863 397 3906 locus
423 3860 489 3905 socii
515 3859 575 3903 Cod.
599 3859 622 3902 1.
643 3881 673 3893 -
691 3859 851 3918 Albanosque
876 3862 948 3906 laeua
969 3858 1041 3904 rocio
1063 3861 1140 3906 Codd.
1163 3859 1189 3905 1.
1214 3884 1250 3897 -
1269 3862 1334 3909 Aua·

208 3950 257 3981 nna
283 3934 357 3977 larua
385 3936 408 3974 et
431 3928 496 3973 socii
520 3928 605 3973 ceteri.
635 3927 696 3972 Cum
717 3929 815 3971 bachus.
850 3931 926 3974 secuti
949 3942 1031 3973 suanus
1059 3930 1105 3973 Ed.
1132 3932 1199 3975 Veu.
1223 3928 1300 3977 150⁰.
1317 3933 1334 3972 el

190 3990 355 4055 {Plancinam
376 4012 448 4056 quum
468 4002 594 4051 utrumque
614 3997 691 4043 lacum
710 3997 797 4039 iisdem
810 4010 838 4040 ex
857 3997 964 4041 tontibus
984 3997 1044 4040 oriri
1064 4003 1168 4041 constet.
1211 3997 1256 4044 26.
1277 4001 1334 4059 lym-

188 4058 258 4127 fplro
277 4069 353 4112 Codd.
374 4066 492 4122 plerique.
514 4086 546 4095 -
573 4060 692 4118 Nympho
714 4064 796 4121 vulgo.
815 4065 860 4109 cfr.
879 4068 907 4110 ad
931 4066 1004 4108 Lacr.
1029 4062 1059 4119 6,
1091 4063 1169 4110 1173.
1194 4074 1220 4111 et
1242 4068 1334 4114 Laebm.

210 4154 234 4193 p.
255 4133 315 4182 215.
344 4135 383 4178 ubi
411 4136 478 4193 locos
507 4130 622 4186 quosdam
647 4130 731 4182 affert,
763 4130 891 4188 inquibus
911 4147 934 4177 v.
960 4131 1067 4192 lympha
1086 4148 1132 4178 uon
1152 4133 1279 4194 Nympha
1296 4138 1334 4192 lep

212 4206 296 4257 debet,
326 4194 433 4259 quamvis
455 4195 651 4242 dissentientibus
670 4210 739 4250 saepe
765 4200 788 4240 ct
812 4199 873 4245 Mas.
905 4208 929 4245 et
953 4201 1055 4246 criticis.
1083 4204 1170 4247 Horat.
1190 4204 1274 4260 Epod.
1297 4203 1334 4255 tt,
