2736 4748
179 166 242 229 tat

180 323 362 406 Surgehant
385 319 516 382 cristae:
543 315 620 379 nihil
643 327 709 390 est,
735 317 824 399 quod
847 316 979 378 credere
1003 318 1041 377 de
1063 336 1096 376 se

180 428 258 489 Non
279 422 405 506 possit,
430 440 526 503 quom
551 420 717 492 laudatur,
742 419 789 479 dis
811 438 911 499 aequa
933 428 1088 498 potestas.
1171 502 1175 509 ,

181 529 245 590 Sed
265 529 374 589 deerat
395 521 475 604 pisci
496 519 623 601 patinae
646 540 802 582 mensura.
848 520 1019 581 Vocantur

179 631 273 712 Ergo
295 627 327 688 in
350 623 516 688 consilium
537 641 710 703 proceres,
736 641 818 706 quos
841 623 954 682 oderat
974 620 1046 695 itte,
1096 632 1098 635 ’

184 732 224 794 In
247 748 383 814 quorum
405 726 486 788 facie
509 725 642 786 miserae
666 743 862 806 magnaeque
884 724 1015 784 sedebat

180 832 294 896 Pallor
316 827 483 892 amicitiae.
530 824 673 900 Primus,
698 825 853 886 clamante
875 824 1044 899 Liburno,

180 933 354 1008 ,Currite,
378 931 438 992 ianr
461 928 589 992 sedit!’'
612 938 706 1008 rapta
729 928 927 1008 properabat
950 926 1054 987 abolla

180 1038 345 1119 Pegasus,
369 1031 520 1096 attonitae
541 1028 666 1113 positus
689 1031 785 1092 modo
809 1027 936 1090 villicus
959 1027 1050 1089 urbi:

181 1141 276 1201 Anne
299 1136 384 1198 aliud
405 1146 480 1196 tunc
502 1130 683 1214 praelecti?
706 1150 843 1217 quorum
866 1129 1004 1211 optimus
1026 1141 1120 1214 atque
1179 1169 1181 1173 «

180 1242 348 1320 Interpres
371 1239 476 1320 legum
500 1233 712 1296 sanctissimus
734 1231 841 1294 omnia
865 1252 1053 1314 quamquam

182 1339 398 1422 'seruporibus
423 1336 499 1399 diris
521 1338 684 1398 tractanda
708 1337 841 1416 putabat
862 1332 974 1395 inermi

182 1441 323 1506 Iustitia.
368 1440 467 1504 Venit
490 1451 520 1500 et
542 1437 651 1517 Crispi
672 1436 806 1498 iucunda
830 1450 992 1512 senectus,

184 1543 283 1609 Cuius
306 1553 397 1604 erant
419 1560 544 1614 mores,
570 1538 672 1623 qualis
692 1538 857 1613 facundia,
882 1538 956 1601 mite

182 1645 362 1729 Ingenium.
407 1642 513 1706 Maria
535 1662 573 1704 ac
594 1653 696 1703 terras
719 1641 923 1724 populosque
945 1642 1069 1725 regenti

185 1747 264 1828 Quis
287 1766 395 1809 comes
417 1743 546 1818 utilior,
572 1743 600 1805 si
622 1744 711 1805 clade
734 1753 765 1804 et
787 1753 877 1823 peste
900 1745 959 1805 suh
981 1743 1033 1804 illa

185 1846 356 1912 Saevitiam
379 1849 526 1908 damnare
548 1855 580 1908 et
602 1846 771 1908 honestum
795 1846 911 1907 afferre
934 1845 1046 1913 liceret

184 1947 387 2014 Consilium?
409 1950 473 2012 Sed
495 1947 571 2030 quid
593 1945 766 2010 violentius
790 1968 865 2008 aure
887 1945 1037 2026 tyranni?

185 2051 269 2116 Cum
292 2073 358 2135 quo
380 2052 418 2112 de
440 2049 557 2131 pluviis
580 2061 631 2110 aut
655 2047 793 2110 aestibus
816 2058 870 2109 aut
893 2047 1040 2111 nimboso

184 2154 275 2215 Vere
296 2151 435 2216 locuturi
456 2150 554 2213 satum
577 2152 737 2232 pendebat
759 2149 861 2211 ararici.

184 2253 246 2317 Ille
267 2254 366 2336 igitur
388 2273 546 2337 uunquam
570 2250 837 2333 direxitbrachia
860 2263 972 2314 contra

187 2357 380 2418 Torrentem
404 2375 463 2416 nec
484 2352 564 2414 civis
587 2363 674 2426 erat,
699 2352 753 2434 qui
776 2351 875 2414 libera
899 2364 1010 2434 posset

186 2588 199 2616 a
221 2571 302 2616 Schol.
331 2572 379 2614 iam
404 2571 550 2625 propositam
578 2566 769 2625 t,‚assentarione
796 2585 823 2613 ac
858 2572 925 2614 laude
950 2571 1126 2615 intumescebat
1144 2573 1311 2626 'liuperator‚

187 2641 294 2699 quaruvis
312 2637 411 2695 falso.'’]
432 2643 455 2681 et
466 2641 563 2696 glossae
578 2639 697 2685 Einsiedl.
718 2638 816 2699 (.,(luid
833 2639 963 2696 apertius?
982 2641 1024 2683 hac
1044 2641 1191 2684 adulatione.
1230 2641 1312 2685 Verba

185 2715 241 2754 suot
268 2712 364 2765 poe'tae.
417 2706 579 2751 Elevabanlur
609 2709 630 2752 ei
659 2722 747 2751 cornua
778 2722 834 2763 prae
862 2708 1012 2765 superbia.’')
1046 2715 1143 2753 secutus
1176 2714 1215 2754 est
1241 2711 1314 2753 etiam

186 2779 274 2831 Web.)
325 2775 366 2821 ll.
397 2776 565 2820 Memorabilis
592 2781 629 2821 est
655 2777 726 2820 lectio
754 2778 835 2835 Marg.
868 2777 912 2821 Cd.
935 2779 965 2821 D.
993 2776 1050 2822 Non
1066 2779 1144 2822 ausit.
1193 2775 1234 2824 73.
1254 2792 1312 2821 con·

186 2850 274 2892 cilium
288 2844 383 2889 ABCG.
420 2845 467 2888 Sed
485 2846 531 2890 clr.
551 2845 616 2889 Plio.
645 2842 675 2898 4,
695 2846 741 2900 Ep.
763 2844 805 2890 22.
845 2842 953 2904 Interfui
967 2847 1096 2903 principia
1112 2847 1203 2903 optimi
1221 2848 1314 2906 cogni-

187 2917 265 2968 tioni,
285 2916 312 2959 iu
329 2912 463 2957 eonsilium
481 2919 636 2970 assumptus.
675 2913 717 2959 74.
737 2912 770 2958 Et
788 2928 891 2973 qaorum
911 2915 971 2959 coa.
991 2916 1020 2969 ll.
1060 2913 1100 2961 75.
1121 2930 1194 2960 servo
1214 2931 1313 2959 nomen-

187 2989 277 3031 clatore
297 2998 309 3027 e
329 2981 444 3026 Liburnia
464 2984 574 3027 oriundo.
614 2980 654 3027 76.
674 2981 807 3041 Pegasus,
829 2986 941 3038 Stoicos,
961 2985 1085 3041 (quocirca
1097 2985 1207 3028 adollam
1222 2986 1313 3040 rapit3)
1362 3020 1363 3037 ,

187 3056 247 3100 iuris
266 3054 344 3099 studio
370 3053 473 3110 gloriam
494 3053 625 3096 memoriae
644 3054 749 3106 meruit,
781 3058 807 3096 ut
824 3054 889 3096 liber
906 3056 992 3112 vulgo,
1022 3067 1069 3097 nou
1087 3053 1159 3098 homo
1181 3056 1313 3098 diceretur.
1362 3040 1363 3071 l

187 3125 277 3169 Consul
296 3123 409 3166 suffectus
428 3122 474 3165 fuit
492 3135 546 3166 curn
563 3120 671 3165 Pusione
687 3127 794 3175 tempore
813 3123 972 3177 Vespasiani,
993 3128 1076 3177 postea
1093 3123 1236 3167 Praefectus
1250 3122 1312 3165 orbi.

186 3195 224 3237 Ab
254 3193 299 3236 hoc
324 3192 412 3235 SCturu
434 3192 594 3250 Pegasiauum
620 3193 647 3233 do
680 3189 874 3235 fideicommissis
894 3192 1064 3236 hereditatibus
1092 3193 1181 3236 dictum
1209 3197 1258 3235 est.
1289 3204 1313 3236 r.

189 3262 244 3306 Gaii
261 3258 362 3304 Lim-2.
384 3260 406 3318 p.
428 3258 487 3305 254.
539 3258 570 3304 77
601 3259 684 3303 Nullus
703 3258 861 3314 interpretum
869 3292 876 3314 ,
896 3274 955 3317 quos
978 3262 1086 3317 equidem
1108 3263 1154 3305 vidi
1173 3292 1180 3313 ,
1209 3261 1316 3304 laudarit

189 3332 243 3375 Cic.
263 3342 307 3384 pro
324 3329 425 3373 Plancio
443 3344 464 3377 c.
485 3327 526 3373 25.
554 3330 666 3385 popalus
689 3326 734 3373 Ro.
764 3327 855 3387 deligit
881 3332 1050 3388 ›nagistrotas
1068 3330 1143 3387 puori
1161 3330 1228 3386 reip.
1249 3329 1314 3373 uilli-

188 3412 241 3444 coa.
288 3394 330 3442 80.
349 3397 409 3441 Leni
427 3399 614 3453 reprehensione
639 3395 803 3455 significatur,
832 3398 928 3456 Pegaso
948 3400 1101 3442 severitatem
1120 3402 1144 3442 iu
1162 3399 1315 3453 praefectura

188 3468 374 3512 administranda
390 3472 445 3510 tuuc
468 3469 582 3520 temporis
600 3468 762 3511 necessariam
780 3464 908 3511 defuisse.
942 3469 978 3512 De
998 3466 1070 3510 Vrbio
1091 3464 1182 3523 Crispo
1200 3474 1313 3519 oratore,

187 3550 211 3581 a.
233 3537 312 3583 Tacit.
338 3536 401 3579 Auo.
430 3533 480 3590 14,
500 3533 542 3578 28.
574 3535 635 3578 Hisl.
657 3533 687 3588 2,
710 3533 750 3581 10.
772 3532 803 3590 4,
825 3533 873 3589 41,
896 3532 937 3580 48.
975 3536 1094 3580 Dial.·de
1113 3536 1194 3581 Oratt.
1216 3535 1252 3590 8,
1274 3531 1313 3577 13.

189 3608 255 3649 Suel.
285 3605 375 3647 Domit.
408 3600 431 3647 3.
481 3604 594 3660 Quinctil.
628 3602 657 3658 5,
690 3601 730 3648 ¹3.
760 3602 790 3657 6,
823 3603 848 3648 2.
875 3602 921 3658 18,
955 3603 1048 3658 1;1t,
1080 3603 1120 3652 ll.
1176 3604 1220 3650 85.
1240 3601 1315 3662 serre

189 3672 305 3718 ARCDG.
338 3673 365 3716 ln
392 3677 490 3728 utraque
519 3673 599 3730 lingna
632 3674 773 3726 saepissime
804 3674 922 3728 simplicia
952 3674 1066 3718 vocabula
1100 3688 1145 3728 pro
1174 3673 1316 3728 compositis
1362 3672 1363 3711 l

189 3744 278 3795 scripta
296 3741 458 3795 reperiuntur.
498 3739 539 3786 91.
559 3741 644 3786 culmo
660 3743 763 3787 coniecit
777 3743 839 3798 Rup.
859 3775 871 3796 „
883 3745 995 3798 exempla
1015 3744 1126 3787 dictionis
1146 3741 1316 3786 desiderans.”

189 3813 235 3857 Sed
260 3809 396 3853 audacioris
422 3810 484 3864 tropi
512 3810 623 3865 exempla
652 3812 709 3855 alibi
741 3813 811 3855 auxie
842 3814 976 3869 quaerenda
1007 3827 1053 3856 nou
1077 3818 1140 3855 suut.
1190 3812 1236 3855 Est
1264 3811 1316 3855 scil.

189 3879 330 3935 „exanimi
353 3879 470 3922 sententia
492 3880 585 3935 loqui.”
628 3880 718 3924 Contra
746 3880 776 3925 G.
803 3880 833 3924 E.
853 3882 991 3926 Weberas:
1025 3881 1117 3935 „rerba
1135 3879 1220 3924 libere
1239 3879 1318 3923 animi

190 3951 208 3994 i.
229 3963 251 3993 e.
272 3948 347 3991 libere
366 3945 437 3990 animi
463 3949 604 3992 seutentiam
622 3950 762 4003 aperientia.
812 3949 864 3993 Nou
889 3951 1081 4008 coniungendam
1107 3948 1183 3995 rerba
1212 3949 1319 3993 onimi.”

191 4017 233 4063 95.
255 4015 365 4068 „Acilius
384 4014 485 4058 Glabrio
505 4022 573 4069 pater
597 4017 687 4061 iuvenis
706 4010 849 4072 clarissimi,
870 4020 926 4075 qui,
947 4033 1018 4076 quum
1042 4021 1090 4062 iam
1109 4019 1192 4062 consul
1212 4019 1317 4069 fuisset,

192 4089 216 4126 ut
237 4083 366 4126 Domitiani
389 4084 512 4126 saevitiam
531 4083 661 4137 effugeret,
695 4085 763 4127 Bruti
784 4090 893 4141 exemplo
916 4089 1071 4132 stoliditatem
1088 4089 1262 4141 simulaverat,
1288 4088 1318 4131 ita

193 4156 218 4192 nt
236 4152 264 4192 ad
282 4151 463 4208 depugnandum
482 4162 536 4191 cum
556 4151 623 4191 leone
642 4151 708 4193 iussu
727 4156 819 4203 tyranni
839 4157 1013 4200 adduceretur:
1045 4158 1120 4201 nihilo
1141 4161 1220 4200 tmrieu
1241 4158 1318 4200 arsinus

193 4217 333 4261 interiectus
360 4223 396 4260 est
420 4217 446 4258 iu
469 4215 568 4258 exilio.”
603 4215 634 4257 G.
660 4217 688 4259 E.
717 4219 847 4267 Weberus.
868 4227 912 4269 cfr.
935 4226 1002 4270 Suet.
1022 4226 1094 4270 Dom.
1117 4222 1227 4270 10.D10
1249 4226 1317 4269 caes.
