2762 4762
521 330 788 399 CrVALERll
810 328 987 395 FLACCI

423 436 692 501 Aneouuurrcou
714 434 791 494 Lus.
815 432 918 495 Vlll.
943 430 1082 493 1-190.

235 539 281 604 Ar
302 536 457 619 trepidam
480 535 512 597 in
533 533 679 596 thalamis
701 544 733 595 et
754 534 813 595 iam
837 554 892 594 sua
913 532 997 593 faeta
1019 540 1187 612 paventem

195 640 354 707 Colchida
377 638 463 700 circa
486 657 596 700 omnes
617 635 739 716 pariter
759 634 927 717 furiaeque
950 632 1118 714 minaeque

194 744 303 808 Patris
326 743 463 815 habent;
487 759 546 801 nee
566 737 704 801 caerulei
726 736 825 799 timor
846 733 997 818 aequoris
1022 734 1105 794 ultra
1185 740 1188 745 ⁴

194 846 266 908 Nee
288 843 421 907 miserae
443 853 531 904 terra
555 840 616 901 ulla
638 838 772 919 proeul;
796 856 1000 918 quascunque
1022 855 1082 915 per
1104 836 1203 894 aindas

195 948 297 1010 Ferre
318 945 450 1027 lugam,
474 959 694 1025 quameunque
716 938 805 1019 rupit
825 938 887 1001 iarn
909 939 1062 998 scandere
1083 933 1232 1017 puppim.
1311 933 1335 994 5

194 1047 313 1112 Ultima
337 1042 490 1128 virgineis
511 1053 586 1104 tune
605 1039 792 1103 flens.‹ledit
813 1038 922 1102 oscula
945 1036 1054 1111 vittis,

196 1149 354 1231 Quosque
374 1142 476 1228 sugit,
501 1145 669 1224 complexa
691 1152 802 1215 toros,
826 1141 1010 1221 crinemque
1033 1155 1196 1220 genasque

195 1251 312 1331 Ungue
334 1242 536 1328 perantiqui
558 1239 835 1324 carpsitvestigia
857 1237 961 1302 somni

196 1351 306 1434 Atque
327 1349 406 1409 haee
426 1340 728 1428 impressogemuit
750 1341 925 1404 miseranda
949 1337 1067 1401 rubilia

195 1450 253 1526 „0
276 1445 352 1512 milti
374 1447 401 1509 si
421 1445 582 1529 profugae
604 1443 733 1528 genitor
754 1462 838 1507 nune
858 1440 912 1507 ille
933 1459 1103 1521 supremos
1282 1441 1333 1498 10

196 1549 395 1634 Amplexus,
418 1547 540 1621 Aeeta,
565 1547 657 1610 dares
680 1544 837 1627 fletusque
858 1541 984 1606 rideres

198 1653 287 1719 Eece
308 1656 415 1720 meos!
437 1648 487 1710 Ne
509 1649 625 1721 erede,
649 1655 759 1728 pater,
782 1665 848 1708 non
861 1643 978 1706 ¹carior
1000 1642 1052 1704 ille
1074 1653 1143 1715 est,

199 1753 303 1832 Quem
325 1746 508 1832 sequimur3
529 1746 658 1811 tumidis
680 1745 797 1808 utinam
819 1743 912 1808 simul
934 1745 1054 1807 obruar
1075 1742 1186 1815 iendis!
1214 1810 1216 1813 ,

200 1854 273 1927 Τιι,
295 1870 433 1934 precor,
457 1850 536 1911 haee
558 1849 674 1929 longae
697 1846 839 1927 placidus
863 1866 939 1908 mox
961 1856 1087 1926 sceptra
1110 1852 1261 1908 senectae
1325 1899 1333 1914 ,

202 1955 288 2019 Tuta
310 1971 407 2036 geres
429 1948 604 2031 meliorque
627 1947 686 2010 tibi
707 1947 747 2009 sit
769 1958 873 2010 cetera
896 1947 1042 2028 proles.''
1289 1949 1337 2013 15

199 2053 295 2119 Dixit
316 2063 368 2130 et,
391 2049 574 2117 Haemonio
595 2069 759 2131 uunquam«
776 2050 952 2129 spernenda
977 2045 1109 2121 inarito,

203 2153 343 2223 Condita
364 2151 500 2217 letiferis
522 2151 630 2232 prodit
652 2148 858 2214 medicamina
879 2149 984 2222 cistis,

198 2254 439 2338 Virgineusque
461 2252 548 2318 sinus
570 2251 736 2333 ipsumque
758 2250 876 2313 monile
899 2250 1027 2314 venenis

150 2373 152 2378 ·
199 2354 406 2436 implicatae
427 2374 556 2417 saevum
578 2372 676 2434 super
698 2351 846 2415 omnibus
869 2350 987 2414 addidit
1000 2346 1129 2416 'ensenu

201 2457 282 2524 Inde
305 2455 395 2521 velut
414 2465 505 2518 torto
528 2451 822 2518 Furiarum-eiecta
845 2453 976 2536 flagello
1287 2454 1334 2515 20

199 2554 357 2630 Prosilitr
379 2554 517 2619 attonito
539 2554 641 2637 qualis
663 2556 745 2634 pede
767 2553 894 2635 prosilit
915 2557 975 2619 lno

201 2658 240 2724 In
262 2656 344 2723 freta
366 2675 426 2723 uec
446 2654 539 2735 parvi
563 2654 701 2721 meminit
722 2655 896 2720 conterrita
918 2656 1002 2731 uati,

203 2758 307 2837 Quem
329 2767 435 2831 tenete
458 2766 635 2820 extremum
658 2755 777 2818 coniux
796 2755 873 2822 ferit
894 2756 1005 2824 irritus
1026 2759 1185 2822 Isthmon.

244 2859 311 2926 lam
333 2856 427 2938 prior
449 2854 480 2919 iu
502 2857 593 2922 lucos
615 2856 701 2921 euris
725 2856 913 2940 urgentibus
936 2860 1034 2923 heros
1099 2874 1102 2879 ·

201 2959 346 3024 Venerat
367 2967 399 3024 et
419 2957 559 3021 nemoris
581 2979 671 3022 saera
693 2979 728 3021 se
750 2970 845 3020 noete
867 2963 1019 3042 tegebat,

203 3063 298 3128 'sune
319 3078 449 3142 quoque
473 3058 595 3123 siderea
618 3059 723 3121 clarus
743 3060 860 3145 proeul
883 3081 940 3123 ora
962 3061 1103 3129 iuventa.

203 3159 316 3243 Qualis
338 3161 442 3222 adhue
463 3159 581 3240 sparsis
604 3159 754 3226 comitum
776 3182 836 3241 per
857 3162 957 3227 lustra
980 3164 1116 3226 eatervis

202 3260 349 3326 Latmius
371 3261 492 3325 aestiva
513 3260 630 3327 residet
651 3272 786 3325 venator
807 3260 838 3323 in
861 3263 990 3337 umbra,

202 3362 329 3447 Dignus
351 3381 461 3429 amore
483 3360 590 3439 Deam
613 3360 724 3429 relatis
747 3360 899 3429 cornibus
922 3373 955 3429 et
975 3361 1036 3429 iem

274 3586 299 3634 1.
311 3585 398 3648 sueta]
416 3587 540 3643 facinore,
563 3602 629 3648 *quae
647 3590 694 3634 iam
713 3593 892 3645 perpetrasset,
918 3600 1024 3646 quaeque
1043 3600 1100 3637 mox
1117 3590 1241 3644 inceptura
1258 3596 1332 3636 esset

204 3671 232 3704 ae
248 3659 310 3700 mula
329 3657 382 3707 iude
401 3654 569 3703 consecutura.
590 3682 623 3698 ..-
639 3654 701 3716 futu
719 3659 784 3712 nui,
815 3659 886 3713 preb.
907 3658 1054 3703 Welchart:
1075 3660 1117 3703 sed
1135 3658 1181 3702 lior
1199 3660 1272 3717 louge
1293 3662 1330 3704 iu·

204 3724 297 3769 firmius
315 3725 367 3768 illo.
406 3721 430 3775 3.
451 3725 548 3770 circum
565 3752 581 3768 η
598 3732 677 3787 egunt
695 3727 777 3773 lleins.
798 3724 907 3779 „habere
932 3731 969 3769 est
994 3731 1092 3781 tenere,
1121 3732 1273 3783 occupatum
1296 3733 1331 3772 te-

203 3794 290 3839 nere.’¹
308 3793 404 3839 Wtich·
442 3791 467 3838 8.
487 3794 572 3841 Eidem
591 3798 653 3840 lecto
671 3796 825 3848 incumbens,
845 3796 869 3838 in
888 3807 935 3849 quo
953 3795 1016 3838 tristi
1035 3809 1121 3839 somno
1133 3795 1198 3850 (Lib.
1214 3792 1333 3850 5,·334.)

203 3862 344 3909 conturbus
361 3862 457 3921 fuerat,
488 3865 574 3920 quique
599 3866 673 3914 tectus
698 3863 809 3910 servabat
833 3865 900 3920 quati
928 3864 999 3911 etiam
1023 3869 1079 3909 tunc
1107 3864 1210 3922 vestigia
1236 3864 1333 3922 antiqui

204 3930 297 3984 sonitui,
318 3930 431 3977 laceravit
448 3931 538 3974 crinem
557 3932 703 3991 genasque.”
723 3946 805 3991 ringus
830 3945 859 3977 ex
885 3934 977 3977 erneud.
996 3933 1079 3976 Burm.
1098 3932 1196 3976 Weich.
1215 3954 1250 3965 -
1271 3938 1332 3977 unte

206 3998 265 4045 cdd.
291 4018 324 4037 ιι
344 4003 402 4041 actu
420 3999 438 4042 i.
458 4012 481 4042 e.
501 4003 604 4057 agitatu,
623 4000 776 4044 Stothouwer
792 4006 816 4045 et
834 4001 953 4043 llolmann
971 4001 1115 4055 Peerlkamp
1132 3997 1199 4043 But.
1219 4000 1282 4045 erte.
1302 4015 1331 4046 aa.

139 4082 142 4091 ·
206 4066 236 4120 5,
256 4081 279 4121 p.
302 4063 360 4114 173.
387 4063 428 4115 10.
454 4067 523 4115 mille
541 4068 625 4110 Heius.
662 4068 728 4119 „Sed
745 4070 788 4112 ille
806 4068 900 4120 Aeeta.
929 4069 1039 4114 diversae
1057 4080 1174 4124 personae
1192 4068 1332 4125 voeabula,

204 4135 409 4190 perturbationem
427 4135 499 4179 antini
518 4136 614 4192 egregie
634 4135 757 4191 piuguut.’'
800 4138 897 4181 Dureau
915 4138 944 4181 cte
962 4137 1079 4182 Lamalle.
1117 4134 1159 4181 tt.
1178 4137 1273 4195 longae
1291 4163 1332 4174 .-

206 4199 331 4258 seneetee]
359 4214 414 4245 euru
431 4202 492 4250 cde.
512 4202 607 4249 Weirh.
624 4200 743 4258 placidus
761 4211 890 4258 reuectus,
911 4210 937 4249 ut
953 4204 1079 4265 grandior
1098 4207 1171 4260 aeri,
1182 4201 1257 4264 felix
1276 4207 1332 4258 leti.
