2762 4760
37 332 196 417 Sanguine
221 328 313 395 civili
334 350 402 393 rent
422 325 566 392 conflant
587 322 779 411 divitiasque

36 433 275 517 conduplicant
292 429 418 507 aridei,
442 433 571 494 caedem
590 432 687 493 caede
706 426 958 491 accumulantes:

36 536 192 601 Crudeles
215 538 354 620 gaudent
371 533 404 597 in
423 530 513 595 tristi
531 532 644 596 funere
664 529 774 594 fratris

35 641 80 702 Et
98 636 370 721 consanguinerlm
392 657 517 700 mensas
539 637 638 699 odere
661 633 849 719 timentque.

100 739 273 806 Consimili
294 738 419 804 ratione
437 741 477 801 ab
500 741 613 803 eodem
634 758 727 820 saepe
748 734 865 800 timore

33 847 186 923 Macerat
203 841 346 907 invidia:
370 854 441 906 ante
462 840 576 906 oculos
598 840 697 905 ollum
720 859 789 903 esse
807 848 987 921 potentem,
1115 835 1155 899 75

33 948 146 1013 Ollunr
166 938 365 1030 adspectari,
389 945 479 1010 claro
502 942 558 1030 qui
577 941 697 1006 incedit
719 944 865 1015 honore3

33 1048 121 1132 lpsei
140 1071 173 1112 se
196 1047 231 1112 in
251 1047 393 1112 tenebris
415 1045 506 1112 volvi
529 1062 697 1131 coenoque
718 1055 908 1130 queruntur.

32 1154 205 1216 Intereunt
227 1148 344 1232 partim
364 1160 537 1215 statuarum
557 1158 590 1212 et
611 1145 750 1211 nominis
771 1167 870 1232 erg03

32 1257 81 1318 Et
98 1274 193 1334 saepe
215 1273 316 1337 usquc
339 1254 419 1315 adeo
443 1248 558 1315 mortis
574 1248 747 1314 formidine
771 1247 854 1313 vitae

32 1353 188 1437 Percipit
205 1355 360 1417 humanos
379 1352 487 1417 odium
506 1350 650 1438 lucisque
670 1350 844 1426 videndae,

33 1460 83 1523 Ut
102 1455 165 1520 sibi
186 1455 388 1521 consciscant
405 1454 558 1519 maerenti
574 1465 709 1536 pectore
731 1454 846 1530 letum3

34 1557 165 1625 Oblitei
184 1558 307 1622 fontem
330 1579 477 1621 curarum
499 1560 585 1620 hunc
606 1578 674 1621 esse
694 1555 861 1634 timorem,

32 1656 141 1726 Hunc
159 1683 277 1724 vexare
299 1663 477 1743 pudorem
500 1661 584 1722 hunc
605 1657 731 1721 vincula
752 1654 904 1723 amicitiai

34 1766 223 1846 Rumpere3
245 1774 276 1826 et
297 1763 330 1826 in
349 1783 469 1826 summa
490 1760 641 1844 pietatem
663 1772 813 1826 evortere
830 1765 953 1826 suadet.

33 1869 125 1931 Nam
146 1866 209 1929 iam
230 1886 325 1947 saepe
347 1863 492 1927 homines
513 1863 650 1945 patriam
672 1875 831 1948 carosque
852 1874 1001 1948 parentes
1117 1867 1157 1930 85

33 1968 262 2034 Prodiderunt
284 1966 387 2030 vitare
409 1965 591 2029 Acherusia
610 1966 730 2049 templa
751 1976 919 2049 petentes.

33 2073 125 2135 Nam
148 2070 245 2134 veluti
264 2067 375 2152 puerei
396 2068 556 2150 trepidant
576 2079 671 2152 atque
693 2066 799 2134 omnia
821 2067 926 2135 caecis

33 2175 76 2238 In
98 2169 242 2236 tenebris
264 2181 421 2246 metuunt,
443 2169 492 2234 sic
511 2191 572 2234 nos
591 2169 626 2252 in
645 2171 716 2234 luce
734 2170 879 2235 timemus

33 2276 208 2340 Interdum
231 2272 334 2338 nihilo
356 2293 438 2358 quae
458 2283 531 2335 sunt
552 2275 718 2336 metuenda
736 2273 838 2357 magis
860 2295 955 2359 quam

32 2379 132 2458 Quae
149 2374 263 2458 puerei
277 2374 314 2438 in
335 2372 478 2438 tenebris
496 2371 642 2456 pavitant
659 2375 848 2460 finguntque
870 2375 992 2441 futura.
1120 2368 1162 2442 9'0

30 2480 139 2542 Hunc
158 2476 262 2563 igitur
283 2488 442 2542 terrorem
465 2474 561 2539 annui
581 2478 792 2562 tenebrasque
813 2489 971 2542 necessest

29 2584 118 2647 Non
136 2578 239 2643 radiei
258 2579 337 2645 solis
355 2599 459 2663 neque
477 2575 584 2641 lucida
600 2577 664 2641 tela
686 2576 749 2643 diei

28 2681 242 2758 Discutiunt,
266 2683 322 2744 sed
344 2692 474 2743 naturae
496 2678 621 2763 species
643 2680 803 2767 ratioque.

377 2870 455 2931 ms.
473 2866 541 2931 111.
566 2890 599 2932 v.
616 2856 831 2934 sse-1107.

103 2988 167 3054 Nil
188 2988 290 3073 igitur
312 3009 401 3052 mors
418 3000 482 3065 est,
505 2991 545 3051 ad
564 3010 623 3053 nos
643 3011 746 3076 neque
768 2989 907 3073 pertinet
926 2992 1041 3069 hilum,
1085 3045 1088 3049 ,

27 3091 314 3177 Quandoquidem
335 3102 448 3158 natura
469 3090 565 3154 animi
585 3091 733 3157 mortalis
753 3090 902 3155 habetur.

27 3200 84 3263 Et
106 3193 200 3259 velut
221 3204 292 3258 ante
314 3204 388 3257 acto
412 3193 457 3255 nil
475 3203 622 3277 tempore
645 3193 798 3258 sensimus
819 3193 926 3278 aegri,

28 3372 75 3387 -
94 3360 214 3394 remoue
225 3349 288 3392 Ven.
306 3347 468 3401 (remorsas.
479 3349 548 3393 Brix.
568 3353 661 3392 remote
680 3348 708 3391 C.
726 3352 750 3393 et
767 3348 809 3391 alii
825 3347 900 3394 Codd.
919 3346 956 3404 5.)
977 3370 1006 3381 -·
1026 3351 1165 3400 recesssL.

30 3419 85 3467 71.
109 3416 266 3462 creditu
304 3414 347 3461 ll.
366 3415 590 3465 AbestaCod.H.
605 3431 734 3473 perperam
746 3417 862 3472 probante
878 3419 951 3462 Walt.
990 3416 1031 3463 76.
1048 3421 1166 3479 claroque

25 3486 166 3536 incedere
180 3483 273 3531 itenere
288 3485 391 3530 Creech.
411 3487 442 3533 Η,
460 3489 531 3532 lectio
549 3487 643 3532 hibrida
665 3492 733 3530 enata
753 3501 783 3531 ex
800 3487 911 3530 Lambini
926 3490 1067 3533 commentis
1083 3491 1166 3534 clero·

27 3573 89 3622 que
120 3554 236 3600 incendit
257 3553 350 3600 honore
375 3555 421 3599 Ed.
445 3553 468 3600 1.
493 3558 637 3614 clarumque
663 3556 779 3600 incedere
801 3553 909 3610 honore,
938 3556 983 3599 Ed.
998 3555 1023 3605 2.
1043 3564 1069 3602 ut
1088 3565 1168 3604 actum

26 3640 121 3689 agens
139 3626 228 3669 iteruin
246 3625 379 3668 emendarit
397 3624 568 3670 Creechisuam
583 3627 638 3670 lect.
658 3625 747 3669 Msrld.
761 3624 840 3678 Epist.
854 3625 910 3669 crit.
924 3639 979 3684 pag.
995 3623 1037 3671 81.
1057 3630 1167 3674 scribens

27 3701 206 3753 clurcmque.
244 3690 286 3738 80.
306 3691 430 3738 humanos
450 3695 518 3750 (item
541 3696 605 3738 infra
626 3709 651 3738 r.
671 3692 760 3751 dil),
783 3698 808 3737 ut
832 3695 916 3748 poetae
937 3695 1110 3754 Francogallici
1128 3699 1167 3743 les

26 3765 172 3816 humerius
195 3767 219 3807 et
241 3764 305 3806 inter
328 3764 476 3808 recentiores
502 3764 574 3808 ltalos
592 3764 710 3807 Foscolus
727 3761 768 3823 gli
784 3762 879 3807 amant.
902 3754 1016 3809 ¹Certum
1033 3768 1169 3822 exemplum

28 3843 82 3886 est
104 3834 169 3890 apud
187 3832 303 3876 lustinum
320 3828 367 3886 142,
388 3829 413 3876 3.
438 3834 586 3891 primusque
615 3830 780 3876 huntcnorum
805 3838 866 3890 post
888 3830 1033 3879 Herculem.
1074 3836 1168 3880 Dubius
1207 3883 1210 3887 ,

24 3913 116 3956 {oens
133 3910 173 3947 est
187 3900 340 3946 TacitiAnu.
357 3899 403 3953 1⁶,
419 3899 461 3946 25.
481 3901 582 3946 audiret
601 3906 704 3945 senatus
720 3914 791 3945 eecce
805 3901 880 3960 quasi
897 3917 931 3963 ex
949 3905 1033 3963 aliquo
1050 3904 1167 3959 nurnine,

24 3987 129 4035 supra
146 3969 272 4015 humanos
289 3972 321 4014 st.
341 3969 484 4026 demonum
499 3976 523 4015 et
540 3973 564 4015 in
583 3971 707 4015 Ciceronis
724 3971 770 4027 Ep.
785 3974 813 4015 sd
830 3972 881 4016 Att.
895 3970 925 4017 15
935 4005 942 4027 ,
959 3971 1002 4028 21,
1017 3971 1041 4017 5.
1058 3978 1123 4018 certa
1139 3986 1169 4018 ex

24 4043 194 4093 auctoritate
213 4040 326 4095 reposui:
353 4052 459 4098 possm
470 4037 550 4102 solli,
571 4045 597 4083 ut
612 4037 684 4084 homo
704 4055 748 4096 pro
768 4047 794 4085 ut
811 4038 946 4086 durannus.
995 4038 1039 4086 84.
1058 4047 1168 4085 evertere

15 4111 128 4180 fundo
147 4109 234 4154 Larnb.
249 4110 312 4153 coni.
327 4109 357 4154 ll.
413 4108 455 4156 85.
479 4109 596 4155 Penateis
619 4109 709 4159 Merkl.
737 4110 818 4164 „haud
844 4110 914 4155 dubie
942 4109 973 4153 ob
1001 4111 1079 4153 locum
1096 4103 1168 4167 Vir'g.

28 4187 95 4233 Ge.
111 4179 144 4235 2,
160 4175 220 4224 505.
247 4176 297 4221 Hic
315 4178 379 4236 petit
401 4179 512 4225 excidiis
537 4179 623 4224 urbem
646 4180 801 4238 taceretque
818 4178 952 4226 Penatee.”
977 4178 1054 4223 sors.
1068 4177 1167 4228 emus

25 4254 136 4303 eadem
151 4247 293 4293 confusione
309 4248 399 4294 Catulli
413 4249 495 4306 Epith.
505 4250 558 4296 Pet.
572 4262 596 4293 r.
612 4244 671 4294 tte.
796 4244 798 4247 ’

90 4331 186 4385 Eclogae
200 4329 257 4371 Post.
271 4329 314 4371 Lu.
902 4325 922 4386 3
