2762 4760
33 314 136 397 Atque
157 309 345 392 intempesta
370 310 526 383 cedebant
547 318 642 373 nocte
665 319 818 390 paventes

33 413 223 497 Hospitibus
244 411 347 477 saevis
369 410 504 475 instrata
526 409 644 474 cubilia
663 410 795 474 fronde.
1088 410 1149 477 985

33 518 98 581 Nee
119 515 222 579 nimio
243 526 311 578 tum
334 513 406 596 plus
427 535 521 599 quam
538 535 622 577 nunc
644 512 792 577 mortalia
813 513 898 579 secla

32 616 144 683 Dulcia
165 617 352 703 linquebant
372 614 519 679 lamentis
539 616 658 679 lumina
680 615 787 680 vitae:

33 723 115 786 Unus
137 719 220 783 enlm
243 730 309 781 tum
329 717 467 804 quisque
487 716 589 803 magis
611 721 785 801 deprensus
806 739 919 783 eorum

32 822 152 886 Pabula
174 821 250 885 viva
269 820 348 886 feris
369 822 564 904 praebebat,
588 820 735 885 dentibus
753 822 901 897 haustus;

33 927 73 988 Et
88 946 221 990 nemora
243 947 282 987 ac
302 923 440 988 monteis
463 921 584 1009 gemitu
604 923 766 1009 silvasque
788 923 950 1007 replebat,
1086 925 1148 989 990

31 1028 115 1092 Viva
136 1025 250 1090 videns
269 1026 347 1091 vivo
367 1025 501 1108 sepeliri
522 1025 650 1090 viscera
669 1029 779 1091 husto.

32 1133 76 1193 At
95 1151 180 1215 quos
199 1128 356 1213 effugium
380 1137 543 1204 servarat,
567 1149 711 1212 corpore
736 1133 855 1207 adeso,

33 1231 200 1296 Posterius
220 1230 372 1294 tremulas
391 1252 488 1312 super
509 1230 618 1294 ulcera
640 1242 724 1295 tetra
744 1243 887 1298 tenentes

31 1334 156 1399 Palmas
174 1332 347 1399 horriferis
369 1331 518 1395 accibant
539 1333 676 1399 vocibus
699 1336 841 1400 Orcum:

30 1437 175 1523 Denique
196 1459 254 1502 eos
275 1436 343 1499 vita
366 1435 534 1519 privarant
557 1435 702 1500 vermina
724 1459 836 1515 saeva,
1084 1437 1146 1502 995

31 1539 204 1622 Experteis
228 1538 318 1621 opis,
340 1537 475 1623 ignaros
497 1536 575 1623 quid
597 1538 731 1602 volnera
752 1540 882 1605 vellent.

90 1645 138 1707 At
160 1663 226 1706 non
245 1641 344 1704 multa
365 1639 471 1704 virtlm
494 1643 552 1703 sub
573 1638 676 1724 signis
697 1640 784 1706 milia
807 1646 902 1707 dueta

31 1747 102 1809 Una
123 1744 190 1808 dies
216 1746 311 1807 dabat
331 1742 451 1807 exitio:
474 1765 534 1805 nec
555 1741 685 1807 turbida
705 1744 800 1828 ponti

30 1847 184 1931 Aequora
207 1846 376 1910 laedebant
397 1843 507 1910 naveis
528 1848 568 1908 ad
589 1867 672 1908 saxa
688 1845 860 1932 virosque;

30 1950 98 2012 Nec
119 1960 258 2023 temere,
280 1947 456 2023 incassum,
478 1949 600 2011 frustra
629 1970 717 2013 mare
737 1969 832 2030 saepe
854 1959 1002 2014 coortum
1068 1952 1150 2013 1000

30 2049 182 2114 Saevibat
204 2048 382 2135 leviterque
402 2049 501 2113 minas
521 2052 663 2133 ponebat
683 2049 823 2126 inaneis3

30 2154 98 2216 Nee
118 2162 251 2234 poterat
270 2171 459 2236 quemqnam
481 2151 602 2235 placidi
623 2152 759 2236 pellacia
781 2154 875 2237 ponti

29 2254 170 2319 Subdola
194 2253 347 2369 pellipere
367 2253 401 2317 in
421 2254 568 2318 fraudem
589 2254 768 2319 ridentibus
787 2256 895 2331 undis3

29 2357 185 2439 improba
207 2352 433 2445 nimgipratio
454 2367 520 2420 tum
540 2378 636 2421 caeca
655 2357 794 2422 iacebat.
995 2414 998 2419 ,

29 2460 109 2520 Tum
129 2457 265 2541 penuria
287 2456 398 2522 deinde
421 2458 486 2522 cibi
505 2458 689 2544 languentia
709 2461 776 2525 leto
1065 2464 1146 2525 1005

28 2561 180 2624 Membra
202 2562 330 2627 dabatt,
343 2571 457 2625 contra
476 2581 560 2623 nunc
580 2582 689 2625 rerum
710 2561 804 2645 copia
828 2575 958 2628 mersat.

28 2661 115 2726 Ollei
139 2662 358 2745 imprudentes
380 2662 462 2745 ipsei
485 2660 549 2725 sibi
567 2684 660 2746 saepe
680 2684 834 2727 venenum

27 2766 240 2850 Vergebant:
265 2786 351 2829 nune
368 2769 443 2829 dant
464 2764 534 2828 aliis
555 2755 718 2830 sollertius
737 2765 833 2849 ipsei.

87 2870 172 2933 Inde
196 2889 285 2932 casas
304 2879 473 2954 postquam
495 2889 533 2931 ac
554 2866 668 2951 pellois
689 2867 861 2955 ignemque
884 2881 1056 2952 pararunt,

26 3053 99 3096 ullam
118 3066 192 3108 opem
211 3053 368 3107 reperissent.
388 3075 422 3086 -
436 3052 574 3111 privarunt
589 3051 769 3110 Vulgo.Forb.
794 3052 841 3096 Sed
863 3051 970 3107 perfecto
996 3052 1149 3096 velaoristo

25 3123 103 3165 nullus
114 3123 155 3167 bic
169 3123 237 3166 locus
247 3126 301 3178 est;
315 3127 378 3166 esset
387 3121 490 3166 fortasse
503 3122 644 3177 imperfecto
654 3120 798 3180 privabunt.
818 3121 855 3165 lb.
866 3119 982 3180 Denique
990 3121 1066 3175 011,
1077 3123 1151 3166 etiam

26 3191 54 3234 C.
67 3190 98 3235 Ε.
111 3193 156 3236 W.
176 3190 264 3235 Donec
279 3192 362 3245 lucta,
377 3192 407 3236 Α.
433 3191 559 3236 Dorticum
570 3192 652 3249 vulgo.
709 3187 785 3236 1000.
804 3187 980 3244 Nectemere,
1002 3190 1150 3244 incussum,

21 3256 125 3316 frustra
141 3258 224 3319 mare]
245 3261 284 3304 Sic
300 3259 360 3304 Cdd.
370 3292 376 3314 ‚
398 3263 469 3305 etiam
488 3262 517 3306 C.
536 3259 567 3304 E.
587 3260 656 3305 Buix.
673 3262 730 3305 vu.
747 3260 810 3304 Ver.
826 3260 900 3308 Wak.
920 3283 953 3294 -
970 3258 1023 3305 Nec
1040 3265 1149 3315 temere,

23 3330 133 3374 incursu
145 3329 245 3392 fluctuo
263 3342 334 3373 mure
352 3330 391 3374 Pii
415 3330 578 3386 exeauplaria‚
604 3330 688 3387 lunta;
717 3328 825 3383 Eiehst.,
858 3343 928 3387 qoem
949 3330 1149 3375 inconsideratius

24 3400 155 3459 aliquando
175 3404 272 3446 secutus
289 3413 364 3444 ernau.
394 3400 509 3447 Ceterum
527 3412 573 3454 pro
588 3395 641 3444 Nec
661 3400 810 3461 scripserunt
821 3398 872 3444 Sed
882 3398 912 3444 L.
928 3399 975 3454 lt„
995 3400 1058 3456 quod
1070 3400 1149 3454 primo

23 3471 143 3525 adspectu
157 3483 217 3514 sane
232 3470 310 3523 aptius
328 3470 421 3514 videtur
437 3470 609 3525 probatumque
624 3474 661 3514 est
677 3471 749 3515 etiam
759 3483 773 3512 a
784 3468 922 3527 Pinzgero;
941 3470 1068 3514 adversum
1080 3481 1150 3525 quem

23 3538 101 3584 Forb.
118 3540 215 3583 monuit
230 3552 276 3582 nec
290 3538 379 3583 referri
397 3553 445 3583 non
466 3543 557 3582 tantum
572 3539 601 3583 ad
613 3552 636 3582 v.
649 3537 776 3591 saevibat,
797 3539 839 3583 sed
857 3540 886 3582 ad
902 3542 977 3581 totam
995 3539 1147 3582 sententiam.

22 3608 82 3654 Seii.
100 3613 200 3653 retento
217 3606 269 3653 Nec
288 3608 322 3652 sic
340 3609 521 3664 explicandum:
542 3621 619 3663 ‚,uec,
639 3613 665 3652 ut
680 3620 741 3652 nune
757 3608 852 3664 quidem
869 3605 897 3651 fit
911 3620 1005 3651 summo
1018 3620 1071 3651 cum
1083 3607 1150 3651 navi-

22 3680 135 3735 gantium
154 3678 278 3733 periculo,
305 3689 372 3722 mare
395 3684 487 3723 tenuere
505 3682 615 3722 coortum
633 3675 769 3730 saeviebat,
789 3677 831 3720 sed
848 3676 925 3721 minas
943 3676 1042 3732 inanes,
1063 3677 1149 3733 quippe

22 3761 84 3804 quae
104 3750 168 3791 nulli
194 3746 334 3791 mortalium
360 3752 415 3792 tune
439 3749 555 3802 temporis
579 3747 711 3802 perniciem
727 3746 856 3799 afferrent,
884 3759 970 3791 rursus
989 3746 1150 3801 deponebat.’'

23 3817 190 3874 opponuntur
208 3818 255 3862 sibi
273 3829 319 3858 nee
337 3815 364 3871 )(
383 3831 438 3876 que.
485 3813 561 3861 1001.
577 3813 696 3873 ponebat]
715 3814 782 3859 Adeo
798 3815 895 3860 turbant
912 3816 972 3863 cdd.
992 3817 1045 3872 (—
1059 3828 1149 3872 posce,

21 3886 64 3931 bct
76 3887 108 3931 C.
131 3910 165 3920 —
180 3887 286 3945 potebas
301 3885 331 3929 E.
345 3900 407 3942 apr.
420 3901 453 3934 m.
472 3889 492 3929 Α
507 3899 557 3930 sec.
569 3883 715 3940 purchoh),
736 3888 761 3928 ut
775 3884 851 3930 Forb.
870 3886 1002 3930 coniecerit
1011 3884 1133 3943 poscebat
1138 3896 1150 3936 ;

22 3958 65 4000 sed
85 3970 138 4000 non
156 3957 229 4002 nimis
246 3958 302 4002 huic
319 3968 343 4000 v.
363 3957 475 4001 convenit
492 3956 546 3999 adv.
564 3953 661 3998 leviter.
699 3950 776 4001 1004.
795 3952 925 4016 navigitlm
937 3954 1030 4000 Osann.
1049 3976 1082 3986 —
1100 3965 1146 3996 ua·

21 4026 78 4085 vigi
95 4026 177 4070 Botbc
192 4040 216 4072 v.
232 4026 329 4074 Weich.
345 4027 375 4070 sd
387 4027 443 4072 Vel.
463 4026 503 4070 ΕΙ.
521 4037 577 4083 pag.
593 4021 633 4068 61.
653 4029 677 4069 et
693 4024 769 4069 norb.
783 4026 813 4069 ad
825 4025 850 4074 b.
867 4027 902 4081 l.;
927 4024 968 4082 qni
985 4028 1050 4068 recte
1069 4021 1151 4066 defeu-

22 4084 189 4140 enormem
206 4110 251 4152 per
268 4096 386 4157 (inplexi.
402 4095 598 4154 Pinzgerototus
615 4095 749 4140 versiculus
767 4099 820 4139 erat
836 4098 970 4149 suspectus.
1009 4086 1085 4136 1007.
1104 4089 1151 4132 im·

21 4163 166 4221 prudentes
183 4169 227 4212 dv.
247 4167 378 4214 eorrectio.
397 4166 428 4211 Ρ.
441 4166 471 4211 Α.
485 4164 514 4211 L.
529 4167 559 4211 ll.
570 4166 613 4210 W.
637 4186 666 4198 -
683 4162 822 4222 prudenter
834 4163 896 4207 Ε11.
912 4164 970 4206 vett.
988 4176 1023 4194 ι-
1037 4154 1149 4214 pruden-

21 4241 59 4279 tes
81 4235 163 4281 eodd.
