<?xml version="1.0" encoding="UTF-8"?>
<!DOCTYPE html PUBLIC "-//W3C//DTD XHTML 1.0 Transitional//EN"
    "http://www.w3.org/TR/xhtml1/DTD/xhtml1-transitional.dtd">
<html xmlns="http://www.w3.org/1999/xhtml" xml:lang="en" lang="en">
 <head>
  <title>
</title>
<meta http-equiv="Content-Type" content="text/html;charset=utf-8" />
  <meta name='ocr-system' content='tesseract 3.04.00' />
  <meta name='ocr-capabilities' content='ocr_page ocr_carea ocr_par ocr_line ocrx_word'/>
</head>
<body>
  <div class='ocr_page' id='page_1' title='image "./eclogaepoetarum02orelgoog_0069.png"; bbox 0 0 2762 4760; ppageno 0'>
   <div class='ocr_carea' id='block_1_1' title="bbox 183 150 301 252">
    <p class='ocr_par' dir='ltr' id='par_1_1' title="bbox 183 150 301 252">
     <span class='ocr_line' id='line_1_1' title="bbox 183 150 301 252; baseline -0.017 0"><span class='ocrx_word' id='word_1_1' title='bbox 183 150 301 252; x_wconf 65' lang='lat' dir='ltr'><strong>to&#39;</strong></span> 
     </span>
    </p>
   </div>
   <div class='ocr_carea' id='block_1_2' title="bbox 181 329 1245 532">
    <p class='ocr_par' dir='ltr' id='par_1_2' title="bbox 181 329 1245 532">
     <span class='ocr_line' id='line_1_2' title="bbox 181 329 1135 428; baseline -0.022 -15"><span class='ocrx_word' id='word_1_2' title='bbox 181 350 273 413; x_wconf 88' lang='lat' dir='ltr'><strong>Inter</strong></span> <span class='ocrx_word' id='word_1_3' title='bbox 294 367 328 411; x_wconf 91' lang='lat' dir='ltr'><strong>se</strong></span> <span class='ocrx_word' id='word_1_4' title='bbox 343 345 482 428; x_wconf 85' lang='lat' dir='ltr'><strong>pecudes</strong></span> <span class='ocrx_word' id='word_1_5' title='bbox 505 345 738 421; x_wconf 80' lang='lat' dir='ltr'><strong>compactaque</strong></span> <span class='ocrx_word' id='word_1_6' title='bbox 760 336 903 398; x_wconf 85' lang='lat' dir='ltr'><strong>membra</strong></span> <span class='ocrx_word' id='word_1_7' title='bbox 923 329 1135 395; x_wconf 82' lang='lat' dir='ltr'><strong>animantum:</strong></span> 
     </span>
     <span class='ocr_line' id='line_1_3' title="bbox 182 433 1245 532; baseline -0.021 -18"><span class='ocrx_word' id='word_1_8' title='bbox 182 453 381 532; x_wconf 83' lang='lat' dir='ltr'><strong>Propterea,</strong></span> <span class='ocrx_word' id='word_1_9' title='bbox 404 444 496 531; x_wconf 87' lang='lat' dir='ltr'><strong>quia,</strong></span> <span class='ocrx_word' id='word_1_10' title='bbox 519 463 600 528; x_wconf 88' lang='lat' dir='ltr'><strong>qnae</strong></span> <span class='ocrx_word' id='word_1_11' title='bbox 621 443 659 503; x_wconf 89' lang='lat' dir='ltr'><strong>de</strong></span> <span class='ocrx_word' id='word_1_12' title='bbox 677 436 775 501; x_wconf 86' lang='lat' dir='ltr'><strong>terris</strong></span> <span class='ocrx_word' id='word_1_13' title='bbox 794 457 877 499; x_wconf 91' lang='lat' dir='ltr'><strong>nunc</strong></span> <span class='ocrx_word' id='word_1_14' title='bbox 898 455 1030 520; x_wconf 89' lang='lat' dir='ltr'><strong>quoque</strong></span> <span class='ocrx_word' id='word_1_15' title='bbox 1051 433 1245 505; x_wconf 84' lang='lat' dir='ltr'><strong>abundant,</strong></span> 
     </span>
    </p>
   </div>
   <div class='ocr_carea' id='block_1_3' title="bbox 181 539 1334 729">
    <p class='ocr_par' dir='ltr' id='par_1_3' title="bbox 181 539 1334 729">
     <span class='ocr_line' id='line_1_4' title="bbox 181 539 1030 632; baseline -0.021 -16"><span class='ocrx_word' id='word_1_16' title='bbox 181 554 364 615; x_wconf 80' lang='lat' dir='ltr'><strong>Herbarum</strong></span> <span class='ocrx_word' id='word_1_17' title='bbox 386 567 504 632; x_wconf 83' lang='lat' dir='ltr'><strong>genera</strong></span> <span class='ocrx_word' id='word_1_18' title='bbox 522 566 559 607; x_wconf 89' lang='lat' dir='ltr'><strong>ac</strong></span> <span class='ocrx_word' id='word_1_19' title='bbox 581 543 694 625; x_wconf 78' lang='lat' dir='ltr'><strong>fruges</strong></span> <span class='ocrx_word' id='word_1_20' title='bbox 716 542 910 622; x_wconf 83' lang='lat' dir='ltr'><strong>arbustaque</strong></span> <span class='ocrx_word' id='word_1_21' title='bbox 931 539 1030 612; x_wconf 85' lang='lat' dir='ltr'><strong>lacta,</strong></span> 
     </span>
     <span class='ocr_line' id='line_1_5' title="bbox 181 631 1334 729; baseline -0.021 -11"><span class='ocrx_word' id='word_1_22' title='bbox 181 657 259 718; x_wconf 87' lang='lat' dir='ltr'><strong>Non</strong></span> <span class='ocrx_word' id='word_1_23' title='bbox 276 664 379 716; x_wconf 90' lang='lat' dir='ltr'><strong>tamen</strong></span> <span class='ocrx_word' id='word_1_24' title='bbox 397 650 481 714; x_wconf 88' lang='lat' dir='ltr'><strong>inter</strong></span> <span class='ocrx_word' id='word_1_25' title='bbox 494 669 529 710; x_wconf 89' lang='lat' dir='ltr'><strong>se</strong></span> <span class='ocrx_word' id='word_1_26' title='bbox 550 656 684 729; x_wconf 77' lang='lat' dir='ltr'><strong>possunt</strong></span> <span class='ocrx_word' id='word_1_27' title='bbox 706 640 877 723; x_wconf 81' lang='lat' dir='ltr'><strong>complexa</strong></span> <span class='ocrx_word' id='word_1_28' title='bbox 898 637 1021 713; x_wconf 89' lang='lat' dir='ltr'><strong>creari;</strong></span> <span class='ocrx_word' id='word_1_29' title='bbox 1256 631 1334 698; x_wconf 83' lang='lat'><strong>920</strong></span> 
     </span>
    </p>
   </div>
   <div class='ocr_carea' id='block_1_4' title="bbox 182 742 980 839">
    <p class='ocr_par' dir='ltr' id='par_1_4' title="bbox 182 742 980 839">
     <span class='ocr_line' id='line_1_6' title="bbox 182 742 980 839; baseline -0.021 -19"><span class='ocrx_word' id='word_1_30' title='bbox 182 759 247 820; x_wconf 88' lang='lat' dir='ltr'><strong>Sed</strong></span> <span class='ocrx_word' id='word_1_31' title='bbox 266 755 293 818; x_wconf 92' lang='lat' dir='ltr'><strong>si</strong></span> <span class='ocrx_word' id='word_1_32' title='bbox 313 773 457 839; x_wconf 87' lang='lat' dir='ltr'><strong>quaeque</strong></span> <span class='ocrx_word' id='word_1_33' title='bbox 479 769 537 813; x_wconf 88' lang='lat' dir='ltr'><strong>suo</strong></span> <span class='ocrx_word' id='word_1_34' title='bbox 560 747 624 811; x_wconf 91' lang='lat' dir='ltr'><strong>ritu</strong></span> <span class='ocrx_word' id='word_1_35' title='bbox 646 742 796 829; x_wconf 87' lang='lat' dir='ltr'><strong>procedit</strong></span> <span class='ocrx_word' id='word_1_36' title='bbox 814 754 846 806; x_wconf 91' lang='lat' dir='ltr'><strong>et</strong></span> <span class='ocrx_word' id='word_1_37' title='bbox 870 763 980 807; x_wconf 87' lang='lat' dir='ltr'><strong>omnes</strong></span> 
     </span>
    </p>
   </div>
   <div class='ocr_carea' id='block_1_5' title="bbox 181 846 1378 1042">
    <p class='ocr_par' dir='ltr' id='par_1_5' title="bbox 181 846 1378 1175">
     <span class='ocr_line' id='line_1_7' title="bbox 181 846 1378 949; baseline -0.023 -26"><span class='ocrx_word' id='word_1_38' title='bbox 181 859 329 923; x_wconf 77' lang='lat' dir='ltr'><strong>Foedere</strong></span> <span class='ocrx_word' id='word_1_39' title='bbox 346 866 477 919; x_wconf 85' lang='lat' dir='ltr'><strong>naturae</strong></span> <span class='ocrx_word' id='word_1_40' title='bbox 496 863 587 916; x_wconf 88' lang='lat' dir='ltr'><strong>certo</strong></span> <span class='ocrx_word' id='word_1_41' title='bbox 610 846 793 912; x_wconf 89' lang='lat' dir='ltr'><strong>discrimina</strong></span> <span class='ocrx_word' id='word_1_42' title='bbox 814 855 956 909; x_wconf 86' lang='lat' dir='ltr'><strong>servant.</strong></span> <span class='ocrx_word' id='word_1_43' title='bbox 1377 898 1378 949; x_wconf 30' lang='lat' dir='ltr'><strong>p</strong></span> 
     </span>
     <span class='ocr_line' id='line_1_8' title="bbox 245 944 1074 1042; baseline -0.018 -20"><span class='ocrx_word' id='word_1_44' title='bbox 245 961 289 1022; x_wconf 91' lang='lat' dir='ltr'><strong>Et</strong></span> <span class='ocrx_word' id='word_1_45' title='bbox 310 978 409 1042; x_wconf 86' lang='lat' dir='ltr'><strong>genus</strong></span> <span class='ocrx_word' id='word_1_46' title='bbox 431 958 599 1018; x_wconf 90' lang='lat' dir='ltr'><strong>humanum</strong></span> <span class='ocrx_word' id='word_1_47' title='bbox 622 950 723 1013; x_wconf 88' lang='lat' dir='ltr'><strong>multo</strong></span> <span class='ocrx_word' id='word_1_48' title='bbox 745 948 806 1012; x_wconf 84' lang='lat' dir='ltr'><strong>suit</strong></span> <span class='ocrx_word' id='word_1_49' title='bbox 825 947 905 1010; x_wconf 90' lang='lat' dir='ltr'><strong>illud</strong></span> <span class='ocrx_word' id='word_1_50' title='bbox 929 946 962 1008; x_wconf 90' lang='lat' dir='ltr'><strong>iu</strong></span> <span class='ocrx_word' id='word_1_51' title='bbox 987 944 1074 1008; x_wconf 89' lang='lat' dir='ltr'><strong>arvis</strong></span> 
     </span>
    </p>
   </div>
   <div class='ocr_carea' id='block_1_6' title="bbox 181 1053 1379 2364">
    <p class='ocr_par' dir='ltr' id='par_1_6' title="bbox 181 1053 1028 1138">
     <span class='ocr_line' id='line_1_9' title="bbox 181 1053 1028 1138; baseline -0.02 -13"><span class='ocrx_word' id='word_1_52' title='bbox 181 1060 319 1136; x_wconf 87' lang='lat' dir='ltr'><strong>Durius,</strong></span> <span class='ocrx_word' id='word_1_53' title='bbox 341 1070 376 1122; x_wconf 89' lang='lat' dir='ltr'><strong>ut</strong></span> <span class='ocrx_word' id='word_1_54' title='bbox 398 1057 520 1132; x_wconf 87' lang='lat' dir='ltr'><strong>decuit,</strong></span> <span class='ocrx_word' id='word_1_55' title='bbox 543 1055 636 1118; x_wconf 88' lang='lat' dir='ltr'><strong>tellus</strong></span> <span class='ocrx_word' id='word_1_56' title='bbox 658 1054 747 1138; x_wconf 79' lang='lat' dir='ltr'><strong>qu&#39;od</strong></span> <span class='ocrx_word' id='word_1_57' title='bbox 769 1053 848 1113; x_wconf 87' lang='lat' dir='ltr'><strong>dura</strong></span> <span class='ocrx_word' id='word_1_58' title='bbox 869 1058 1028 1121; x_wconf 81' lang='lat' dir='ltr'><strong>creasset3</strong></span> 
     </span>
    </p>

    <p class='ocr_par' dir='ltr' id='par_1_7' title="bbox 183 1148 1378 1238">
     <span class='ocr_line' id='line_1_10' title="bbox 183 1148 1378 1238; baseline -0.015 -11"><span class='ocrx_word' id='word_1_59' title='bbox 183 1166 228 1227; x_wconf 90' lang='lat' dir='ltr'><strong>Et</strong></span> <span class='ocrx_word' id='word_1_60' title='bbox 249 1160 424 1226; x_wconf 87' lang='lat' dir='ltr'><strong>maioribus</strong></span> <span class='ocrx_word' id='word_1_61' title='bbox 446 1169 478 1221; x_wconf 92' lang='lat' dir='ltr'><strong>et</strong></span> <span class='ocrx_word' id='word_1_62' title='bbox 495 1155 609 1222; x_wconf 89' lang='lat' dir='ltr'><strong>solidis</strong></span> <span class='ocrx_word' id='word_1_63' title='bbox 628 1153 729 1238; x_wconf 85' lang='lat' dir='ltr'><strong>magis</strong></span> <span class='ocrx_word' id='word_1_64' title='bbox 751 1152 879 1217; x_wconf 87' lang='lat' dir='ltr'><strong>ossibus</strong></span> <span class='ocrx_word' id='word_1_65' title='bbox 899 1151 984 1214; x_wconf 87' lang='lat' dir='ltr'><strong>intus</strong></span> <span class='ocrx_word' id='word_1_66' title='bbox 1261 1148 1331 1213; x_wconf 81' lang='grc'><strong>925</strong></span> <span class='ocrx_word' id='word_1_67' title='bbox 1377 1180 1378 1233; x_wconf 69' lang='lat'>3</span> 
     </span>
    </p>

    <p class='ocr_par' dir='ltr' id='par_1_8' title="bbox 182 1253 1015 1342">
     <span class='ocr_line' id='line_1_11' title="bbox 182 1253 1015 1342; baseline -0.017 -13"><span class='ocrx_word' id='word_1_68' title='bbox 182 1267 379 1337; x_wconf 84' lang='lat' dir='ltr'><strong>Fundatnm,</strong></span> <span class='ocrx_word' id='word_1_69' title='bbox 404 1259 518 1324; x_wconf 89' lang='lat' dir='ltr'><strong>validis</strong></span> <span class='ocrx_word' id='word_1_70' title='bbox 538 1270 645 1342; x_wconf 90' lang='lat' dir='ltr'><strong>aptum</strong></span> <span class='ocrx_word' id='word_1_71' title='bbox 664 1278 723 1339; x_wconf 88' lang='lat' dir='ltr'><strong>per</strong></span> <span class='ocrx_word' id='word_1_72' title='bbox 746 1255 871 1319; x_wconf 89' lang='lat' dir='ltr'><strong>viscera</strong></span> <span class='ocrx_word' id='word_1_73' title='bbox 890 1253 1015 1328; x_wconf 86' lang='lat' dir='ltr'><strong>nervis,</strong></span> 
     </span>
    </p>

    <p class='ocr_par' dir='ltr' id='par_1_9' title="bbox 184 1359 1067 1444">
     <span class='ocr_line' id='line_1_12' title="bbox 184 1359 1067 1444; baseline -0.016 -14"><span class='ocrx_word' id='word_1_74' title='bbox 184 1369 255 1430; x_wconf 88' lang='lat' dir='ltr'><strong>Nec</strong></span> <span class='ocrx_word' id='word_1_75' title='bbox 274 1364 370 1428; x_wconf 85' lang='lat' dir='ltr'><strong>facile</strong></span> <span class='ocrx_word' id='word_1_76' title='bbox 388 1386 430 1427; x_wconf 80' lang='lat' dir='ltr'><strong>ex</strong></span> <span class='ocrx_word' id='word_1_77' title='bbox 452 1373 538 1425; x_wconf 89' lang='lat' dir='ltr'><strong>aestu</strong></span> <span class='ocrx_word' id='word_1_78' title='bbox 560 1383 619 1425; x_wconf 88' lang='lat' dir='ltr'><strong>nec</strong></span> <span class='ocrx_word' id='word_1_79' title='bbox 636 1359 764 1444; x_wconf 85' lang='lat' dir='ltr'><strong>frigore</strong></span> <span class='ocrx_word' id='word_1_80' title='bbox 789 1360 879 1442; x_wconf 89' lang='lat' dir='ltr'><strong>quod</strong></span> <span class='ocrx_word' id='word_1_81' title='bbox 898 1365 1067 1437; x_wconf 88' lang='lat' dir='ltr'><strong>caperetur</strong></span> 
     </span>
    </p>

    <p class='ocr_par' dir='ltr' id='par_1_10' title="bbox 182 1388 1379 1654">
     <span class='ocr_line' id='line_1_13' title="bbox 182 1457 959 1542; baseline -0.014 -11"><span class='ocrx_word' id='word_1_82' title='bbox 182 1470 252 1533; x_wconf 86' lang='lat' dir='ltr'><strong>Nec</strong></span> <span class='ocrx_word' id='word_1_83' title='bbox 275 1466 420 1531; x_wconf 83' lang='lat' dir='ltr'><strong>novitate</strong></span> <span class='ocrx_word' id='word_1_84' title='bbox 442 1462 509 1527; x_wconf 88' lang='lat' dir='ltr'><strong>cibi</strong></span> <span class='ocrx_word' id='word_1_85' title='bbox 530 1485 590 1526; x_wconf 87' lang='lat' dir='ltr'><strong>nec</strong></span> <span class='ocrx_word' id='word_1_86' title='bbox 614 1461 679 1524; x_wconf 88' lang='lat' dir='ltr'><strong>labi</strong></span> <span class='ocrx_word' id='word_1_87' title='bbox 703 1459 857 1542; x_wconf 90' lang='lat' dir='ltr'><strong>corporis</strong></span> <span class='ocrx_word' id='word_1_88' title='bbox 882 1457 959 1520; x_wconf 86' lang='lat' dir='ltr'><strong>ulla.</strong></span> 
     </span>
     <span class='ocr_line' id='line_1_14' title="bbox 246 1560 1040 1654; baseline -0.015 -21"><span class='ocrx_word' id='word_1_89' title='bbox 246 1569 417 1654; x_wconf 84' lang='lat' dir='ltr'><strong>Multaque</strong></span> <span class='ocrx_word' id='word_1_90' title='bbox 437 1588 496 1650; x_wconf 90' lang='lat' dir='ltr'><strong>per</strong></span> <span class='ocrx_word' id='word_1_91' title='bbox 518 1565 638 1629; x_wconf 88' lang='lat' dir='ltr'><strong>caelum</strong></span> <span class='ocrx_word' id='word_1_92' title='bbox 660 1562 738 1627; x_wconf 89' lang='lat' dir='ltr'><strong>solis</strong></span> <span class='ocrx_word' id='word_1_93' title='bbox 757 1560 921 1626; x_wconf 86' lang='lat' dir='ltr'><strong>volventia</strong></span> <span class='ocrx_word' id='word_1_94' title='bbox 939 1560 1040 1623; x_wconf 89' lang='lat' dir='ltr'><strong>lustra</strong></span> 
     </span>
    </p>

    <p class='ocr_par' dir='ltr' id='par_1_11' title="bbox 182 1592 1379 1803">
     <span class='ocr_line' id='line_1_15' title="bbox 182 1664 1333 1755; baseline -0.012 -20"><span class='ocrx_word' id='word_1_95' title='bbox 182 1669 378 1755; x_wconf 84' lang='lat' dir='ltr'><strong>Volgivago</strong></span> <span class='ocrx_word' id='word_1_96' title='bbox 400 1667 497 1731; x_wconf 90' lang='lat' dir='ltr'><strong>vitam</strong></span> <span class='ocrx_word' id='word_1_97' title='bbox 520 1668 702 1730; x_wconf 80' lang='lat' dir='ltr'><strong>tractabant</strong></span> <span class='ocrx_word' id='word_1_98' title='bbox 723 1685 813 1729; x_wconf 87' lang='lat' dir='ltr'><strong>more</strong></span> <span class='ocrx_word' id='word_1_99' title='bbox 835 1664 989 1727; x_wconf 75' lang='lat' dir='ltr'><strong>ferarum.</strong></span> <span class='ocrx_word' id='word_1_100' title='bbox 1263 1664 1333 1727; x_wconf 80' lang='lat'><strong>930</strong></span> 
     </span>
    </p>

    <p class='ocr_par' dir='ltr' id='par_1_12' title="bbox 185 1764 1379 1843">
     <span class='ocr_line' id='line_1_16' title="bbox 185 1764 1379 1843; baseline -0.013 -6"><span class='ocrx_word' id='word_1_101' title='bbox 185 1776 256 1837; x_wconf 89' lang='lat' dir='ltr'><strong>Nec</strong></span> <span class='ocrx_word' id='word_1_102' title='bbox 276 1776 427 1836; x_wconf 90' lang='lat' dir='ltr'><strong>robustus</strong></span> <span class='ocrx_word' id='word_1_103' title='bbox 446 1780 516 1834; x_wconf 90' lang='lat' dir='ltr'><strong>erat</strong></span> <span class='ocrx_word' id='word_1_104' title='bbox 538 1768 630 1832; x_wconf 87' lang='lat' dir='ltr'><strong>curvi</strong></span> <span class='ocrx_word' id='word_1_105' title='bbox 651 1768 838 1831; x_wconf 86' lang='lat' dir='ltr'><strong>moderator</strong></span> <span class='ocrx_word' id='word_1_106' title='bbox 859 1764 958 1828; x_wconf 84' lang='lat' dir='ltr'><strong>aratri</strong></span> <span class='ocrx_word' id='word_1_107' title='bbox 1378 1806 1379 1843; x_wconf 39' lang='lat' dir='ltr'><strong>p</strong></span> 
     </span>
    </p>

    <p class='ocr_par' dir='ltr' id='par_1_13' title="bbox 184 1866 963 1960">
     <span class='ocr_line' id='line_1_17' title="bbox 184 1866 963 1960; baseline -0.01 -22"><span class='ocrx_word' id='word_1_108' title='bbox 184 1874 362 1960; x_wconf 86' lang='lat' dir='ltr'><strong>Quisquam</strong></span> <span class='ocrx_word' id='word_1_109' title='bbox 381 1894 440 1936; x_wconf 87' lang='lat' dir='ltr'><strong>nec</strong></span> <span class='ocrx_word' id='word_1_110' title='bbox 460 1871 562 1936; x_wconf 88' lang='lat' dir='ltr'><strong>scibat</strong></span> <span class='ocrx_word' id='word_1_111' title='bbox 583 1871 673 1933; x_wconf 83' lang='lat' dir='ltr'><strong>ferro</strong></span> <span class='ocrx_word' id='word_1_112' title='bbox 695 1866 843 1931; x_wconf 87' lang='lat' dir='ltr'><strong>molirier</strong></span> <span class='ocrx_word' id='word_1_113' title='bbox 865 1890 963 1943; x_wconf 82' lang='lat' dir='ltr'><strong>arva3</strong></span> 
     </span>
    </p>

    <p class='ocr_par' dir='ltr' id='par_1_14' title="bbox 183 1876 1380 2139">
     <span class='ocr_line' id='line_1_18' title="bbox 183 1968 1105 2054; baseline -0.013 -11"><span class='ocrx_word' id='word_1_114' title='bbox 183 1980 255 2043; x_wconf 89' lang='lat' dir='ltr'><strong>Nec</strong></span> <span class='ocrx_word' id='word_1_115' title='bbox 276 1997 362 2040; x_wconf 86' lang='lat' dir='ltr'><strong>nova</strong></span> <span class='ocrx_word' id='word_1_116' title='bbox 384 1975 537 2039; x_wconf 86' lang='lat' dir='ltr'><strong>defodere</strong></span> <span class='ocrx_word' id='word_1_117' title='bbox 558 1972 727 2035; x_wconf 88' lang='lat' dir='ltr'><strong>interram</strong></span> <span class='ocrx_word' id='word_1_118' title='bbox 747 1970 888 2054; x_wconf 83' lang='lat' dir='ltr'><strong>virgulta</strong></span> <span class='ocrx_word' id='word_1_119' title='bbox 911 1991 1014 2054; x_wconf 91' lang='lat' dir='ltr'><strong>neque</strong></span> <span class='ocrx_word' id='word_1_120' title='bbox 1032 1968 1105 2032; x_wconf 87' lang='lat' dir='ltr'><strong>altis</strong></span> 
     </span>
    </p>

    <p class='ocr_par' dir='ltr' id='par_1_15' title="bbox 183 2071 984 2143">
     <span class='ocr_line' id='line_1_19' title="bbox 183 2071 984 2143; baseline -0.009 -1"><span class='ocrx_word' id='word_1_121' title='bbox 183 2076 371 2142; x_wconf 87' lang='lat' dir='ltr'><strong>Arboribus</strong></span> <span class='ocrx_word' id='word_1_122' title='bbox 393 2087 518 2143; x_wconf 86' lang='lat' dir='ltr'><strong>veteres</strong></span> <span class='ocrx_word' id='word_1_123' title='bbox 538 2074 686 2137; x_wconf 88' lang='lat' dir='ltr'><strong>decidere</strong></span> <span class='ocrx_word' id='word_1_124' title='bbox 707 2071 840 2134; x_wconf 84' lang='lat' dir='ltr'><strong>falcibu’</strong></span> <span class='ocrx_word' id='word_1_125' title='bbox 863 2093 984 2135; x_wconf 88' lang='lat' dir='ltr'><strong>ramos.</strong></span> 
     </span>
    </p>

    <p class='ocr_par' dir='ltr' id='par_1_16' title="bbox 185 2176 1333 2263">
     <span class='ocr_line' id='line_1_20' title="bbox 185 2176 1333 2263; baseline -0.002 -21"><span class='ocrx_word' id='word_1_126' title='bbox 185 2182 281 2261; x_wconf 88' lang='lat' dir='ltr'><strong>Quod</strong></span> <span class='ocrx_word' id='word_1_127' title='bbox 300 2179 351 2243; x_wconf 92' lang='lat' dir='ltr'><strong>sol</strong></span> <span class='ocrx_word' id='word_1_128' title='bbox 374 2189 468 2263; x_wconf 88' lang='lat' dir='ltr'><strong>atque</strong></span> <span class='ocrx_word' id='word_1_129' title='bbox 490 2177 608 2240; x_wconf 88' lang='lat' dir='ltr'><strong>imbres</strong></span> <span class='ocrx_word' id='word_1_130' title='bbox 632 2178 802 2249; x_wconf 87' lang='lat' dir='ltr'><strong>dederant,</strong></span> <span class='ocrx_word' id='word_1_131' title='bbox 825 2176 914 2258; x_wconf 89' lang='lat' dir='ltr'><strong>quod</strong></span> <span class='ocrx_word' id='word_1_132' title='bbox 935 2184 1022 2236; x_wconf 87' lang='lat' dir='ltr'><strong>terra</strong></span> <span class='ocrx_word' id='word_1_133' title='bbox 1049 2187 1178 2238; x_wconf 88' lang='lat' dir='ltr'><strong>crearat</strong></span> <span class='ocrx_word' id='word_1_134' title='bbox 1259 2179 1333 2242; x_wconf 76' lang='lat'><strong>935</strong></span> 
     </span>
    </p>

    <p class='ocr_par' dir='ltr' id='par_1_17' title="bbox 185 2276 1037 2364">
     <span class='ocr_line' id='line_1_21' title="bbox 185 2276 1037 2364; baseline -0.008 -18"><span class='ocrx_word' id='word_1_135' title='bbox 185 2284 307 2364; x_wconf 89' lang='lat' dir='ltr'><strong>Sponte</strong></span> <span class='ocrx_word' id='word_1_136' title='bbox 326 2302 399 2356; x_wconf 88' lang='lat' dir='ltr'><strong>sua,</strong></span> <span class='ocrx_word' id='word_1_137' title='bbox 423 2278 497 2342; x_wconf 92' lang='lat' dir='ltr'><strong>satis</strong></span> <span class='ocrx_word' id='word_1_138' title='bbox 515 2276 549 2341; x_wconf 92' lang='lat' dir='ltr'><strong>id</strong></span> <span class='ocrx_word' id='word_1_139' title='bbox 571 2278 719 2360; x_wconf 87' lang='lat' dir='ltr'><strong>placabat</strong></span> <span class='ocrx_word' id='word_1_140' title='bbox 742 2287 877 2358; x_wconf 87' lang='lat' dir='ltr'><strong>pectora</strong></span> <span class='ocrx_word' id='word_1_141' title='bbox 900 2279 1037 2340; x_wconf 83' lang='lat' dir='ltr'><strong>donum:</strong></span> 
     </span>
    </p>
   </div>
   <div class='ocr_carea' id='block_1_7' title="bbox 183 2447 1351 4311">
    <p class='ocr_par' dir='ltr' id='par_1_18' title="bbox 183 2447 1351 4311">
     <span class='ocr_line' id='line_1_22' title="bbox 239 2447 1334 2511; baseline 0 -14"><span class='ocrx_word' id='word_1_142' title='bbox 239 2451 299 2499; x_wconf 84' lang='lat'><strong>920.</strong></span> <span class='ocrx_word' id='word_1_143' title='bbox 316 2453 416 2511; x_wconf 83' lang='lat' dir='ltr'><strong>possint</strong></span> <span class='ocrx_word' id='word_1_144' title='bbox 431 2450 461 2496; x_wconf 84' lang='lat'><strong>1..</strong></span> <span class='ocrx_word' id='word_1_145' title='bbox 479 2451 509 2495; x_wconf 86' lang='lat' dir='ltr'><strong>fl.</strong></span> <span class='ocrx_word' id='word_1_146' title='bbox 554 2447 615 2496; x_wconf 86' lang='grc'><strong>921.</strong></span> <span class='ocrx_word' id='word_1_147' title='bbox 634 2450 700 2504; x_wconf 87' lang='lat' dir='ltr'><strong>„Sed</strong></span> <span class='ocrx_word' id='word_1_148' title='bbox 716 2455 771 2494; x_wconf 87' lang='lat' dir='ltr'><strong>tuuc</strong></span> <span class='ocrx_word' id='word_1_149' title='bbox 790 2449 912 2493; x_wconf 79' lang='lat' dir='ltr'><strong>dumtaxat</strong></span> <span class='ocrx_word' id='word_1_150' title='bbox 927 2453 1027 2504; x_wconf 82' lang='lat' dir='ltr'><strong>possunt</strong></span> <span class='ocrx_word' id='word_1_151' title='bbox 1045 2451 1140 2503; x_wconf 88' lang='lat' dir='ltr'><strong>creari,</strong></span> <span class='ocrx_word' id='word_1_152' title='bbox 1161 2455 1182 2494; x_wconf 88' lang='lat' dir='ltr'><strong>st</strong></span> <span class='ocrx_word' id='word_1_153' title='bbox 1204 2465 1334 2510; x_wconf 82' lang='lat' dir='ltr'><strong>quaeque</strong></span> 
     </span>
     <span class='ocr_line' id='line_1_23' title="bbox 185 2516 1336 2577; baseline -0.005 -10"><span class='ocrx_word' id='word_1_154' title='bbox 185 2521 249 2568; x_wconf 81' lang='lat' dir='ltr'><strong>cet.&#39;&#39;</strong></span> <span class='ocrx_word' id='word_1_155' title='bbox 266 2523 305 2567; x_wconf 88' lang='lat' dir='ltr'><strong>Sic</strong></span> <span class='ocrx_word' id='word_1_156' title='bbox 321 2522 398 2575; x_wconf 87' lang='lat' dir='ltr'><strong>Cdd.,</strong></span> <span class='ocrx_word' id='word_1_157' title='bbox 418 2521 490 2565; x_wconf 89' lang='lat' dir='ltr'><strong>etiam</strong></span> <span class='ocrx_word' id='word_1_158' title='bbox 506 2519 536 2564; x_wconf 84' lang='lat' dir='ltr'><strong>C.</strong></span> <span class='ocrx_word' id='word_1_159' title='bbox 555 2520 585 2564; x_wconf 84' lang='lat' dir='ltr'><strong>E.</strong></span> <span class='ocrx_word' id='word_1_160' title='bbox 604 2520 647 2562; x_wconf 87' lang='lat' dir='ltr'><strong>W.</strong></span> <span class='ocrx_word' id='word_1_161' title='bbox 674 2542 707 2552; x_wconf 96' lang='lat'><em>-</em></span> <span class='ocrx_word' id='word_1_162' title='bbox 730 2516 935 2577; x_wconf 81' lang='lat' dir='ltr'><strong>SedeieMnrgo</strong></span> <span class='ocrx_word' id='word_1_163' title='bbox 951 2518 995 2566; x_wconf 88' lang='lat' dir='ltr'><strong>Cd.</strong></span> <span class='ocrx_word' id='word_1_164' title='bbox 1011 2518 1042 2562; x_wconf 87' lang='lat' dir='ltr'><strong>E.</strong></span> <span class='ocrx_word' id='word_1_165' title='bbox 1057 2519 1186 2566; x_wconf 54' lang='lat' dir='ltr'><strong>sulza,</strong></span> <span class='ocrx_word' id='word_1_166' title='bbox 1215 2544 1256 2555; x_wconf 82' lang='lat'><em>-</em></span> <span class='ocrx_word' id='word_1_167' title='bbox 1279 2522 1336 2568; x_wconf 64' lang='lat' dir='ltr'><strong>Ru</strong></span> 
     </span>
     <span class='ocr_line' id='line_1_24' title="bbox 185 2586 1334 2637; baseline -0.006 -1"><span class='ocrx_word' id='word_1_168' title='bbox 185 2593 224 2637; x_wconf 79' lang='lat' dir='ltr'><strong>ele</strong></span> <span class='ocrx_word' id='word_1_169' title='bbox 241 2591 344 2636; x_wconf 78' lang='lat' dir='ltr'><strong>1..t1sv.</strong></span> <span class='ocrx_word' id='word_1_170' title='bbox 383 2586 442 2636; x_wconf 90' lang='grc'><strong>922.</strong></span> <span class='ocrx_word' id='word_1_171' title='bbox 460 2587 572 2633; x_wconf 79' lang='lat' dir='ltr'><strong>Foedera</strong></span> <span class='ocrx_word' id='word_1_172' title='bbox 591 2593 698 2632; x_wconf 83' lang='lat' dir='ltr'><strong>noturus</strong></span> <span class='ocrx_word' id='word_1_173' title='bbox 716 2593 785 2632; x_wconf 86' lang='lat' dir='ltr'><strong>certo</strong></span> <span class='ocrx_word' id='word_1_174' title='bbox 802 2586 951 2631; x_wconf 81' lang='lat' dir='ltr'><strong>discrimine</strong></span> <span class='ocrx_word' id='word_1_175' title='bbox 970 2593 1072 2632; x_wconf 78' lang='lat' dir='ltr'><strong>serpent</strong></span> <span class='ocrx_word' id='word_1_176' title='bbox 1090 2588 1120 2634; x_wconf 87' lang='lat' dir='ltr'><strong>C.</strong></span> <span class='ocrx_word' id='word_1_177' title='bbox 1161 2586 1234 2635; x_wconf 85' lang='grc'><strong>925.</strong></span> <span class='ocrx_word' id='word_1_178' title='bbox 1258 2607 1274 2636; x_wconf 91' lang='lat' dir='ltr'><strong>e</strong></span> <span class='ocrx_word' id='word_1_179' title='bbox 1290 2606 1334 2637; x_wconf 83' lang='lat' dir='ltr'><strong>eo.</strong></span> 
     </span>
     <span class='ocr_line' id='line_1_25' title="bbox 183 2657 1335 2715; baseline 0.002 -11"><span class='ocrx_word' id='word_1_180' title='bbox 183 2660 245 2706; x_wconf 81' lang='lat' dir='ltr'><strong>lidie</strong></span> <span class='ocrx_word' id='word_1_181' title='bbox 258 2663 318 2706; x_wconf 81' lang='lat' dir='ltr'><strong>Ver.</strong></span> <span class='ocrx_word' id='word_1_182' title='bbox 333 2661 395 2705; x_wconf 77' lang='lat' dir='ltr'><strong>Vsu.</strong></span> <span class='ocrx_word' id='word_1_183' title='bbox 407 2661 451 2703; x_wconf 78' lang='lat' dir='ltr'><strong>Ar.</strong></span> <span class='ocrx_word' id='word_1_184' title='bbox 462 2660 491 2703; x_wconf 87' lang='lat' dir='ltr'><strong>P.</strong></span> <span class='ocrx_word' id='word_1_185' title='bbox 512 2659 577 2712; x_wconf 85' lang='lat' dir='ltr'><strong>„Sed</strong></span> <span class='ocrx_word' id='word_1_186' title='bbox 595 2657 718 2702; x_wconf 79' lang='lat' dir='ltr'><strong>Arnobius</strong></span> <span class='ocrx_word' id='word_1_187' title='bbox 736 2671 783 2701; x_wconf 89' lang='lat' dir='ltr'><strong>non</strong></span> <span class='ocrx_word' id='word_1_188' title='bbox 802 2657 891 2712; x_wconf 84' lang='lat' dir='ltr'><strong>patitur</strong></span> <span class='ocrx_word' id='word_1_189' title='bbox 909 2658 1029 2715; x_wconf 79' lang='lat' dir='ltr'><strong>vulgatam</strong></span> <span class='ocrx_word' id='word_1_190' title='bbox 1047 2671 1132 2703; x_wconf 86' lang='lat' dir='ltr'><strong>rocem</strong></span> <span class='ocrx_word' id='word_1_191' title='bbox 1145 2659 1174 2703; x_wconf 87' lang='lat' dir='ltr'><strong>de</strong></span> <span class='ocrx_word' id='word_1_192' title='bbox 1189 2661 1259 2704; x_wconf 88' lang='lat' dir='ltr'><strong>loco</strong></span> <span class='ocrx_word' id='word_1_193' title='bbox 1275 2675 1335 2706; x_wconf 87' lang='lat' dir='ltr'><strong>mo·</strong></span> 
     </span>
     <span class='ocr_line' id='line_1_26' title="bbox 184 2724 1334 2785; baseline 0.003 -11"><span class='ocrx_word' id='word_1_194' title='bbox 184 2732 246 2780; x_wconf 84' lang='lat' dir='ltr'><strong>reri.</strong></span> <span class='ocrx_word' id='word_1_195' title='bbox 266 2729 325 2775; x_wconf 85' lang='lat' dir='ltr'><strong>Scit.</strong></span> <span class='ocrx_word' id='word_1_196' title='bbox 339 2730 361 2774; x_wconf 87' lang='lat' dir='ltr'><strong>is</strong></span> <span class='ocrx_word' id='word_1_197' title='bbox 372 2727 428 2773; x_wconf 88' lang='lat' dir='ltr'><strong>Lib.</strong></span> <span class='ocrx_word' id='word_1_198' title='bbox 442 2726 467 2772; x_wconf 90' lang='lat'><strong>2.</strong></span> <span class='ocrx_word' id='word_1_199' title='bbox 485 2740 510 2782; x_wconf 85' lang='lat' dir='ltr'><strong>p.</strong></span> <span class='ocrx_word' id='word_1_200' title='bbox 525 2725 567 2772; x_wconf 85' lang='grc'><strong>54.</strong></span> <span class='ocrx_word' id='word_1_201' title='bbox 592 2726 701 2772; x_wconf 75' lang='lat' dir='ltr'><strong>Ossibus</strong></span> <span class='ocrx_word' id='word_1_202' title='bbox 724 2727 778 2771; x_wconf 80' lang='lat' dir='ltr'><strong>illie</strong></span> <span class='ocrx_word' id='word_1_203' title='bbox 795 2724 910 2785; x_wconf 81' lang='lat' dir='ltr'><strong>fundulo</strong></span> <span class='ocrx_word' id='word_1_204' title='bbox 927 2732 987 2771; x_wconf 87' lang='lat' dir='ltr'><strong>sunt</strong></span> <span class='ocrx_word' id='word_1_205' title='bbox 1004 2740 1112 2785; x_wconf 83' lang='lat' dir='ltr'><strong>corporo</strong></span> <span class='ocrx_word' id='word_1_206' title='bbox 1130 2733 1156 2770; x_wconf 90' lang='lat' dir='ltr'><strong>ct</strong></span> <span class='ocrx_word' id='word_1_207' title='bbox 1172 2741 1334 2777; x_wconf 71' lang='lat' dir='ltr'><strong>nervorum</strong></span> 
     </span>
     <span class='ocr_line' id='line_1_27' title="bbox 184 2792 1335 2860; baseline 0.003 -18"><span class='ocrx_word' id='word_1_208' title='bbox 184 2799 346 2860; x_wconf 79' lang='lat' dir='ltr'><strong>colligatione</strong></span> <span class='ocrx_word' id='word_1_209' title='bbox 370 2796 512 2843; x_wconf 79' lang='lat' dir='ltr'><strong>decincto.”</strong></span> <span class='ocrx_word' id='word_1_210' title='bbox 537 2796 610 2841; x_wconf 79' lang='lat' dir='ltr'><strong>Wak.</strong></span> <span class='ocrx_word' id='word_1_211' title='bbox 666 2793 725 2842; x_wconf 78' lang='grc'><strong>926.</strong></span> <span class='ocrx_word' id='word_1_212' title='bbox 750 2802 775 2842; x_wconf 87' lang='lat' dir='ltr'><strong>et</strong></span> <span class='ocrx_word' id='word_1_213' title='bbox 794 2794 887 2841; x_wconf 77' lang='lat' dir='ltr'><strong>outtdte</strong></span> <span class='ocrx_word' id='word_1_214' title='bbox 907 2795 1029 2841; x_wconf 67' lang='lat' dir='ltr'><strong>tim-flav.</strong></span> <span class='ocrx_word' id='word_1_215' title='bbox 1086 2792 1145 2841; x_wconf 79' lang='lat'><strong>9³2.</strong></span> <span class='ocrx_word' id='word_1_216' title='bbox 1172 2798 1335 2859; x_wconf 77' lang='lat' dir='ltr'><strong>quidquem</strong></span> 
     </span>
     <span class='ocr_line' id='line_1_28' title="bbox 185 2863 1336 2926; baseline 0.003 -13"><span class='ocrx_word' id='word_1_217' title='bbox 185 2869 261 2915; x_wconf 84' lang='lat' dir='ltr'><strong>Go&#39;dd.</strong></span> <span class='ocrx_word' id='word_1_218' title='bbox 277 2865 302 2913; x_wconf 84' lang='grc'><strong>4.</strong></span> <span class='ocrx_word' id='word_1_219' title='bbox 320 2867 382 2912; x_wconf 80' lang='lat' dir='ltr'><strong>Edd.</strong></span> <span class='ocrx_word' id='word_1_220' title='bbox 400 2871 457 2911; x_wconf 84' lang='lat' dir='ltr'><strong>vett.</strong></span> <span class='ocrx_word' id='word_1_221' title='bbox 477 2866 549 2924; x_wconf 87' lang='lat' dir='ltr'><strong>(unde</strong></span> <span class='ocrx_word' id='word_1_222' title='bbox 568 2864 702 2926; x_wconf 78' lang='lat' dir='ltr'><strong>quidquem</strong></span> <span class='ocrx_word' id='word_1_223' title='bbox 716 2879 762 2910; x_wconf 85' lang='lat' dir='ltr'><strong>nec</strong></span> <span class='ocrx_word' id='word_1_224' title='bbox 780 2865 887 2911; x_wconf 81' lang='lat' dir='ltr'><strong>scibant.</strong></span> <span class='ocrx_word' id='word_1_225' title='bbox 904 2867 947 2910; x_wconf 88' lang='lat' dir='ltr'><strong>W.</strong></span> <span class='ocrx_word' id='word_1_226' title='bbox 961 2863 1037 2919; x_wconf 82' lang='lat' dir='ltr'><strong>coni.)</strong></span> <span class='ocrx_word' id='word_1_227' title='bbox 1055 2865 1190 2924; x_wconf 79' lang='lat' dir='ltr'><strong>quiequam</strong></span> <span class='ocrx_word' id='word_1_228' title='bbox 1218 2876 1336 2915; x_wconf 83' lang='lat' dir='ltr'><strong>serrant</strong></span> 
     </span>
     <span class='ocr_line' id='line_1_29' title="bbox 185 2932 1335 2985; baseline -0.002 -2"><span class='ocrx_word' id='word_1_229' title='bbox 185 2939 215 2983; x_wconf 86' lang='lat' dir='ltr'><strong>C.</strong></span> <span class='ocrx_word' id='word_1_230' title='bbox 228 2938 259 2983; x_wconf 94' lang='grc' dir='ltr'><strong>Ε.</strong></span> <span class='ocrx_word' id='word_1_231' title='bbox 279 2938 341 2981; x_wconf 89' lang='lat' dir='ltr'><strong>Tum</strong></span> <span class='ocrx_word' id='word_1_232' title='bbox 359 2937 388 2981; x_wconf 86' lang='lat' dir='ltr'><strong>C.</strong></span> <span class='ocrx_word' id='word_1_233' title='bbox 403 2936 433 2979; x_wconf 85' lang='lat' dir='ltr'><strong>E.</strong></span> <span class='ocrx_word' id='word_1_234' title='bbox 448 2936 582 2981; x_wconf 81' lang='lat' dir='ltr'><strong>mollirier.</strong></span> <span class='ocrx_word' id='word_1_235' title='bbox 625 2932 684 2982; x_wconf 86' lang='grc'><strong>942.</strong></span> <span class='ocrx_word' id='word_1_236' title='bbox 705 2936 745 2980; x_wconf 85' lang='lat' dir='ltr'><strong>Sic</strong></span> <span class='ocrx_word' id='word_1_237' title='bbox 758 2935 785 2981; x_wconf 88' lang='lat' dir='ltr'><strong>G.</strong></span> <span class='ocrx_word' id='word_1_238' title='bbox 798 2935 830 2980; x_wconf 89' lang='grc' dir='ltr'><strong>Ε.</strong></span> <span class='ocrx_word' id='word_1_239' title='bbox 849 2935 897 2978; x_wconf 74' lang='lat' dir='ltr'><strong>Alii</strong></span> <span class='ocrx_word' id='word_1_240' title='bbox 913 2935 974 2980; x_wconf 88' lang='lat' dir='ltr'><strong>Cdd.</strong></span> <span class='ocrx_word' id='word_1_241' title='bbox 985 2937 1028 2981; x_wconf 90' lang='lat' dir='ltr'><strong>W.</strong></span> <span class='ocrx_word' id='word_1_242' title='bbox 1048 2933 1261 2983; x_wconf 75' lang='lat' dir='ltr'><strong>duruBri1.A.</strong></span> <span class='ocrx_word' id='word_1_243' title='bbox 1285 2939 1335 2985; x_wconf 75' lang='lat' dir='ltr'><strong>diu</strong></span> 
     </span>
     <span class='ocr_line' id='line_1_30' title="bbox 183 2998 1351 3061; baseline 0.002 -11"><span class='ocrx_word' id='word_1_244' title='bbox 183 3008 229 3058; x_wconf 73' lang='lat' dir='ltr'><strong>Ar.</strong></span> <span class='ocrx_word' id='word_1_245' title='bbox 243 3009 274 3052; x_wconf 85' lang='lat' dir='ltr'><strong>P.</strong></span> <span class='ocrx_word' id='word_1_246' title='bbox 285 3005 315 3051; x_wconf 89' lang='lat' dir='ltr'><strong>L.</strong></span> <span class='ocrx_word' id='word_1_247' title='bbox 326 3006 357 3051; x_wconf 85' lang='lat' dir='ltr'><strong>fl.</strong></span> <span class='ocrx_word' id='word_1_248' title='bbox 395 3001 454 3051; x_wconf 80' lang='grc'><strong>943.</strong></span> <span class='ocrx_word' id='word_1_249' title='bbox 475 3003 510 3050; x_wconf 83' lang='lat' dir='ltr'><strong>ud</strong></span> <span class='ocrx_word' id='word_1_250' title='bbox 522 3003 613 3049; x_wconf 79' lang='lat' dir='ltr'><strong>sedare</strong></span> <span class='ocrx_word' id='word_1_251' title='bbox 624 2998 777 3061; x_wconf 70' lang='lat' dir='ltr'><strong>Macrone,</strong></span> <span class='ocrx_word' id='word_1_252' title='bbox 793 3002 817 3049; x_wconf 81' lang='lat'><strong>6.</strong></span> <span class='ocrx_word' id='word_1_253' title='bbox 830 3003 860 3048; x_wconf 90' lang='lat' dir='ltr'><strong>L.</strong></span> <span class='ocrx_word' id='word_1_254' title='bbox 872 3004 902 3049; x_wconf 86' lang='lat' dir='ltr'><strong>n.</strong></span> <span class='ocrx_word' id='word_1_255' title='bbox 946 3001 1006 3051; x_wconf 86' lang='grc'><strong>945.</strong></span> <span class='ocrx_word' id='word_1_256' title='bbox 1025 3005 1056 3048; x_wconf 85' lang='lat' dir='ltr'><strong>H.</strong></span> <span class='ocrx_word' id='word_1_257' title='bbox 1069 3006 1086 3052; x_wconf 91' lang='grc' dir='ltr'><strong>Ι.</strong></span> <span class='ocrx_word' id='word_1_258' title='bbox 1103 3018 1188 3049; x_wconf 86' lang='lat' dir='ltr'><strong>omnes</strong></span> <span class='ocrx_word' id='word_1_259' title='bbox 1211 3007 1288 3056; x_wconf 89' lang='lat' dir='ltr'><strong>Cdd.</strong></span> <span class='ocrx_word' id='word_1_260' title='bbox 1309 3015 1351 3054; x_wconf 86' lang='lat' dir='ltr'><strong>et·</strong></span> 
     </span>
     <span class='ocr_line' id='line_1_31' title="bbox 183 3073 1333 3130; baseline 0.001 -8"><span class='ocrx_word' id='word_1_261' title='bbox 183 3077 245 3123; x_wconf 87' lang='lat' dir='ltr'><strong>Edd.</strong></span> <span class='ocrx_word' id='word_1_262' title='bbox 265 3081 323 3123; x_wconf 81' lang='lat' dir='ltr'><strong>vett.</strong></span> <span class='ocrx_word' id='word_1_263' title='bbox 345 3076 489 3130; x_wconf 82' lang='lat' dir='ltr'><strong>corruptelis</strong></span> <span class='ocrx_word' id='word_1_264' title='bbox 510 3075 690 3130; x_wconf 78' lang='lat' dir='ltr'><strong>deformantur3</strong></span> <span class='ocrx_word' id='word_1_265' title='bbox 705 3086 729 3118; x_wconf 84' lang='lat' dir='ltr'><strong>r.</strong></span> <span class='ocrx_word' id='word_1_266' title='bbox 743 3088 765 3119; x_wconf 91' lang='lat' dir='ltr'><strong>c.</strong></span> <span class='ocrx_word' id='word_1_267' title='bbox 784 3073 925 3118; x_wconf 66' lang='lat' dir='ltr'><strong>eloris-itali</strong></span> <span class='ocrx_word' id='word_1_268' title='bbox 941 3087 958 3117; x_wconf 84' lang='lat' dir='ltr'><strong>o</strong></span> <span class='ocrx_word' id='word_1_269' title='bbox 974 3079 1007 3118; x_wconf 89' lang='lat' dir='ltr'><strong>te.</strong></span> <span class='ocrx_word' id='word_1_270' title='bbox 1026 3073 1057 3118; x_wconf 91' lang='grc' dir='ltr'><strong>Ε.</strong></span> <span class='ocrx_word' id='word_1_271' title='bbox 1077 3097 1111 3107; x_wconf 93' lang='lat'>-</span> <span class='ocrx_word' id='word_1_272' title='bbox 1129 3074 1264 3121; x_wconf 73' lang='lat' dir='ltr'><strong>claritati</strong></span> <span class='ocrx_word' id='word_1_273' title='bbox 1289 3084 1333 3123; x_wconf 83' lang='lat' dir='ltr'><strong>ute</strong></span> 
     </span>
     <span class='ocr_line' id='line_1_32' title="bbox 183 3143 1333 3199; baseline -0.001 -8"><span class='ocrx_word' id='word_1_274' title='bbox 183 3148 252 3192; x_wconf 79' lang='lat' dir='ltr'><strong>Brix.</strong></span> <span class='ocrx_word' id='word_1_275' title='bbox 282 3170 315 3182; x_wconf 94' lang='lat'>-</span> <span class='ocrx_word' id='word_1_276' title='bbox 343 3144 458 3190; x_wconf 72' lang='lat' dir='ltr'><strong>claritati</strong></span> <span class='ocrx_word' id='word_1_277' title='bbox 475 3158 491 3188; x_wconf 87' lang='lat' dir='ltr'><strong>u</strong></span> <span class='ocrx_word' id='word_1_278' title='bbox 508 3150 532 3189; x_wconf 87' lang='lat' dir='ltr'><strong>le</strong></span> <span class='ocrx_word' id='word_1_279' title='bbox 545 3145 606 3189; x_wconf 84' lang='lat' dir='ltr'><strong>Ver.</strong></span> <span class='ocrx_word' id='word_1_280' title='bbox 619 3145 682 3192; x_wconf 83' lang='lat' dir='ltr'><strong>Veu.</strong></span> <span class='ocrx_word' id='word_1_281' title='bbox 701 3143 763 3187; x_wconf 83' lang='lat' dir='ltr'><strong>Tum</strong></span> <span class='ocrx_word' id='word_1_282' title='bbox 781 3157 794 3188; x_wconf 90' lang='lat' dir='ltr'><strong>e</strong></span> <span class='ocrx_word' id='word_1_283' title='bbox 814 3144 878 3188; x_wconf 84' lang='lat' dir='ltr'><strong>coni.</strong></span> <span class='ocrx_word' id='word_1_284' title='bbox 897 3144 993 3187; x_wconf 76' lang='lat' dir='ltr'><strong>clarior</strong></span> <span class='ocrx_word' id='word_1_285' title='bbox 1008 3143 1103 3187; x_wconf 78' lang='lat' dir='ltr'><strong>recitat</strong></span> <span class='ocrx_word' id='word_1_286' title='bbox 1117 3143 1212 3199; x_wconf 87' lang='lat' dir='ltr'><strong>Pomp.</strong></span> <span class='ocrx_word' id='word_1_287' title='bbox 1227 3146 1333 3193; x_wconf 80' lang='lat' dir='ltr'><strong>Laetus</strong></span> 
     </span>
     <span class='ocr_line' id='line_1_33' title="bbox 184 3212 1333 3271; baseline -0.003 -11"><span class='ocrx_word' id='word_1_288' title='bbox 184 3216 294 3269; x_wconf 72' lang='lat' dir='ltr'><strong>sivecd.</strong></span> <span class='ocrx_word' id='word_1_289' title='bbox 311 3215 340 3260; x_wconf 87' lang='lat' dir='ltr'><strong>G.</strong></span> <span class='ocrx_word' id='word_1_290' title='bbox 358 3215 404 3260; x_wconf 78' lang='lat' dir='ltr'><strong>Ar.</strong></span> <span class='ocrx_word' id='word_1_291' title='bbox 419 3216 449 3259; x_wconf 86' lang='grc' dir='ltr'><strong>Ρ.</strong></span> <span class='ocrx_word' id='word_1_292' title='bbox 466 3215 514 3270; x_wconf 79' lang='grc' dir='ltr'><strong>Α.;</strong></span> <span class='ocrx_word' id='word_1_293' title='bbox 541 3212 608 3258; x_wconf 90' lang='lat' dir='ltr'><strong>cuius</strong></span> <span class='ocrx_word' id='word_1_294' title='bbox 626 3213 693 3258; x_wconf 84' lang='lat' dir='ltr'><strong>verbi</strong></span> <span class='ocrx_word' id='word_1_295' title='bbox 712 3215 831 3271; x_wconf 80' lang='lat' dir='ltr'><strong>quantitas</strong></span> <span class='ocrx_word' id='word_1_296' title='bbox 849 3217 873 3258; x_wconf 91' lang='lat' dir='ltr'><strong>et</strong></span> <span class='ocrx_word' id='word_1_297' title='bbox 890 3216 1021 3258; x_wconf 84' lang='lat' dir='ltr'><strong>auctoritas</strong></span> <span class='ocrx_word' id='word_1_298' title='bbox 1040 3212 1112 3258; x_wconf 86' lang='lat' dir='ltr'><strong>dubia</strong></span> <span class='ocrx_word' id='word_1_299' title='bbox 1130 3218 1177 3257; x_wconf 87' lang='lat' dir='ltr'><strong>est.</strong></span> <span class='ocrx_word' id='word_1_300' title='bbox 1224 3215 1333 3263; x_wconf 63' lang='lat' dir='ltr'><strong>Omnes</strong></span> 
     </span>
     <span class='ocr_line' id='line_1_34' title="bbox 184 3280 1333 3341; baseline -0.001 -12"><span class='ocrx_word' id='word_1_301' title='bbox 184 3290 268 3341; x_wconf 79' lang='lat' dir='ltr'><strong>postea</strong></span> <span class='ocrx_word' id='word_1_302' title='bbox 286 3286 315 3329; x_wconf 88' lang='lat' dir='ltr'><strong>de</strong></span> <span class='ocrx_word' id='word_1_303' title='bbox 334 3285 394 3329; x_wconf 80' lang='lat' dir='ltr'><strong>Sim.</strong></span> <span class='ocrx_word' id='word_1_304' title='bbox 407 3284 475 3327; x_wconf 89' lang='lat' dir='ltr'><strong>Bosii</strong></span> <span class='ocrx_word' id='word_1_305' title='bbox 494 3283 557 3328; x_wconf 88' lang='lat' dir='ltr'><strong>coni.</strong></span> <span class='ocrx_word' id='word_1_306' title='bbox 578 3284 716 3328; x_wconf 88' lang='lat' dir='ltr'><strong>ediderunt:</strong></span> <span class='ocrx_word' id='word_1_307' title='bbox 736 3280 869 3328; x_wconf 76' lang='lat' dir='ltr'><strong>Gloricllcst</strong></span> <span class='ocrx_word' id='word_1_308' title='bbox 884 3283 934 3326; x_wconf 85' lang='lat' dir='ltr'><strong>lule</strong></span> <span class='ocrx_word' id='word_1_309' title='bbox 953 3283 971 3327; x_wconf 91' lang='lat' dir='ltr'><strong>i.</strong></span> <span class='ocrx_word' id='word_1_310' title='bbox 986 3297 1009 3328; x_wconf 91' lang='lat' dir='ltr'><strong>e.</strong></span> <span class='ocrx_word' id='word_1_311' title='bbox 1029 3283 1094 3327; x_wconf 83' lang='lat' dir='ltr'><strong>clare</strong></span> <span class='ocrx_word' id='word_1_312' title='bbox 1114 3283 1186 3336; x_wconf 92' lang='lat' dir='ltr'><strong>citat,</strong></span> <span class='ocrx_word' id='word_1_313' title='bbox 1212 3288 1333 3333; x_wconf 77' lang='lat' dir='ltr'><strong>verbum</strong></span> 
     </span>
     <span class='ocr_line' id='line_1_35' title="bbox 185 3352 1331 3412; baseline 0.003 -14"><span class='ocrx_word' id='word_1_314' title='bbox 185 3354 249 3398; x_wconf 85' lang='lat' dir='ltr'><strong>omui</strong></span> <span class='ocrx_word' id='word_1_315' title='bbox 268 3354 497 3410; x_wconf 70' lang='lat' dir='ltr'><strong>auctoritatemque</strong></span> <span class='ocrx_word' id='word_1_316' title='bbox 516 3353 587 3395; x_wconf 81' lang='lat' dir='ltr'><strong>ettam</strong></span> <span class='ocrx_word' id='word_1_317' title='bbox 605 3353 716 3410; x_wconf 83' lang='lat' dir='ltr'><strong>analogia</strong></span> <span class='ocrx_word' id='word_1_318' title='bbox 735 3354 888 3405; x_wconf 87' lang='lat' dir='ltr'><strong>destitutum,</strong></span> <span class='ocrx_word' id='word_1_319' title='bbox 908 3366 962 3395; x_wconf 82' lang='lat' dir='ltr'><strong>narn</strong></span> <span class='ocrx_word' id='word_1_320' title='bbox 981 3352 1133 3406; x_wconf 68' lang='lat' dir='ltr'><strong>altitonans,</strong></span> <span class='ocrx_word' id='word_1_321' title='bbox 1154 3353 1331 3412; x_wconf 75' lang='lat' dir='ltr'><strong>altivolans,</strong></span> 
     </span>
     <span class='ocr_line' id='line_1_36' title="bbox 184 3420 1332 3482; baseline 0 -15"><span class='ocrx_word' id='word_1_322' title='bbox 184 3420 391 3482; x_wconf 72' lang='lat' dir='ltr'><strong>blandiloquum,</strong></span> <span class='ocrx_word' id='word_1_323' title='bbox 409 3434 469 3478; x_wconf 81' lang='lat' dir='ltr'><strong>quae</strong></span> <span class='ocrx_word' id='word_1_324' title='bbox 485 3421 595 3476; x_wconf 77' lang='lat' dir='ltr'><strong>iaudent,</strong></span> <span class='ocrx_word' id='word_1_325' title='bbox 623 3425 674 3464; x_wconf 90' lang='lat' dir='ltr'><strong>toto</strong></span> <span class='ocrx_word' id='word_1_326' title='bbox 691 3435 780 3481; x_wconf 80' lang='lat' dir='ltr'><strong>genere</strong></span> <span class='ocrx_word' id='word_1_327' title='bbox 804 3423 898 3466; x_wconf 86' lang='lat' dir='ltr'><strong>diversa</strong></span> <span class='ocrx_word' id='word_1_328' title='bbox 917 3426 986 3467; x_wconf 89' lang='lat' dir='ltr'><strong>sunt:</strong></span> <span class='ocrx_word' id='word_1_329' title='bbox 1018 3423 1137 3480; x_wconf 86' lang='lat' dir='ltr'><strong>siquidem</strong></span> <span class='ocrx_word' id='word_1_330' title='bbox 1153 3436 1234 3467; x_wconf 88' lang='lat' dir='ltr'><strong>nemo</strong></span> <span class='ocrx_word' id='word_1_331' title='bbox 1260 3428 1332 3473; x_wconf 73' lang='lat' dir='ltr'><strong>inter</strong></span> 
     </span>
     <span class='ocr_line' id='line_1_37' title="bbox 183 3489 1330 3551; baseline 0.003 -15"><span class='ocrx_word' id='word_1_332' title='bbox 183 3493 283 3536; x_wconf 85' lang='lat' dir='ltr'><strong>Latinos</strong></span> <span class='ocrx_word' id='word_1_333' title='bbox 301 3491 417 3536; x_wconf 83' lang='lat' dir='ltr'><strong>dixisset:</strong></span> <span class='ocrx_word' id='word_1_334' title='bbox 442 3490 568 3543; x_wconf 80' lang='lat' dir='ltr'><strong>oltloolot,</strong></span> <span class='ocrx_word' id='word_1_335' title='bbox 595 3489 801 3551; x_wconf 79' lang='lat' dir='ltr'><strong>blandiloquitur.</strong></span> <span class='ocrx_word' id='word_1_336' title='bbox 833 3491 984 3536; x_wconf 87' lang='lat' dir='ltr'><strong>Vocabulum</strong></span> <span class='ocrx_word' id='word_1_337' title='bbox 999 3492 1134 3551; x_wconf 80' lang='lat' dir='ltr'><strong>legitimum</strong></span> <span class='ocrx_word' id='word_1_338' title='bbox 1149 3492 1174 3536; x_wconf 83' lang='lat' dir='ltr'><strong>b.</strong></span> <span class='ocrx_word' id='word_1_339' title='bbox 1191 3494 1212 3537; x_wconf 93' lang='grc' dir='ltr'><strong>Ι.</strong></span> <span class='ocrx_word' id='word_1_340' title='bbox 1234 3502 1330 3543; x_wconf 87' lang='lat' dir='ltr'><strong>esset:</strong></span> 
     </span>
     <span class='ocr_line' id='line_1_38' title="bbox 183 3560 1333 3619; baseline -0.003 -12"><span class='ocrx_word' id='word_1_341' title='bbox 183 3560 292 3607; x_wconf 73' lang='lat' dir='ltr'><strong>Allectus</strong></span> <span class='ocrx_word' id='word_1_342' title='bbox 308 3561 374 3619; x_wconf 81' lang='lat' dir='ltr'><strong>lale,</strong></span> <span class='ocrx_word' id='word_1_343' title='bbox 402 3561 465 3618; x_wconf 89' lang='lat' dir='ltr'><strong>quod</strong></span> <span class='ocrx_word' id='word_1_344' title='bbox 484 3574 513 3604; x_wconf 87' lang='lat' dir='ltr'><strong>ue</strong></span> <span class='ocrx_word' id='word_1_345' title='bbox 532 3560 657 3604; x_wconf 82' lang='lat' dir='ltr'><strong>literarum</strong></span> <span class='ocrx_word' id='word_1_346' title='bbox 676 3562 770 3618; x_wconf 85' lang='lat' dir='ltr'><strong>quidem</strong></span> <span class='ocrx_word' id='word_1_347' title='bbox 789 3561 897 3605; x_wconf 83' lang='lat' dir='ltr'><strong>ductibus</strong></span> <span class='ocrx_word' id='word_1_348' title='bbox 915 3574 1061 3619; x_wconf 78' lang='lat' dir='ltr'><strong>magnopere</strong></span> <span class='ocrx_word' id='word_1_349' title='bbox 1079 3562 1206 3616; x_wconf 81' lang='lat' dir='ltr'><strong>discrepat</strong></span> <span class='ocrx_word' id='word_1_350' title='bbox 1227 3578 1248 3608; x_wconf 75' lang='lat' dir='ltr'><strong>a</strong></span> <span class='ocrx_word' id='word_1_351' title='bbox 1270 3581 1333 3611; x_wconf 81' lang='lat' dir='ltr'><strong>cor.</strong></span> 
     </span>
     <span class='ocr_line' id='line_1_39' title="bbox 184 3624 1331 3691; baseline 0.005 -16"><span class='ocrx_word' id='word_1_352' title='bbox 184 3636 268 3686; x_wconf 85' lang='lat' dir='ltr'><strong>ruptae</strong></span> <span class='ocrx_word' id='word_1_353' title='bbox 281 3630 391 3675; x_wconf 85' lang='lat' dir='ltr'><strong>lectionis</strong></span> <span class='ocrx_word' id='word_1_354' title='bbox 403 3631 521 3688; x_wconf 80' lang='lat' dir='ltr'><strong>vestigiis.</strong></span> <span class='ocrx_word' id='word_1_355' title='bbox 551 3624 598 3686; x_wconf 86' lang='lat' dir='ltr'><strong>[Ne</strong></span> <span class='ocrx_word' id='word_1_356' title='bbox 609 3630 709 3674; x_wconf 83' lang='lat' dir='ltr'><strong>verbum</strong></span> <span class='ocrx_word' id='word_1_357' title='bbox 723 3636 903 3675; x_wconf 86' lang='lat' dir='ltr'><strong>monstruosum</strong></span> <span class='ocrx_word' id='word_1_358' title='bbox 915 3633 1055 3685; x_wconf 82' lang='lat' dir='ltr'><strong>deturparet</strong></span> <span class='ocrx_word' id='word_1_359' title='bbox 1070 3631 1142 3675; x_wconf 88' lang='lat' dir='ltr'><strong>etiam</strong></span> <span class='ocrx_word' id='word_1_360' title='bbox 1155 3631 1222 3676; x_wconf 85' lang='lat' dir='ltr'><strong>hauc</strong></span> <span class='ocrx_word' id='word_1_361' title='bbox 1238 3633 1331 3691; x_wconf 68' lang='lat' dir='ltr'><strong>Edit„</strong></span> 
     </span>
     <span class='ocr_line' id='line_1_40' title="bbox 184 3696 1331 3761; baseline 0.002 -17"><span class='ocrx_word' id='word_1_362' title='bbox 184 3701 264 3756; x_wconf 82' lang='lat' dir='ltr'><strong>recepi</strong></span> <span class='ocrx_word' id='word_1_363' title='bbox 280 3713 341 3744; x_wconf 89' lang='lat' dir='ltr'><strong>nunc</strong></span> <span class='ocrx_word' id='word_1_364' title='bbox 356 3700 444 3743; x_wconf 87' lang='lat' dir='ltr'><strong>bonam</strong></span> <span class='ocrx_word' id='word_1_365' title='bbox 459 3699 533 3761; x_wconf 82' lang='lat' dir='ltr'><strong>Forb.</strong></span> <span class='ocrx_word' id='word_1_366' title='bbox 546 3701 609 3745; x_wconf 91' lang='lat' dir='ltr'><strong>coni.</strong></span> <span class='ocrx_word' id='word_1_367' title='bbox 624 3696 708 3745; x_wconf 82' lang='lat' dir='ltr'><strong>Cluru&#39;</strong></span> <span class='ocrx_word' id='word_1_368' title='bbox 719 3697 801 3759; x_wconf 73' lang='lat' dir='ltr'><strong>citat]</strong></span> <span class='ocrx_word' id='word_1_369' title='bbox 857 3697 916 3746; x_wconf 84' lang='grc'><strong>946.</strong></span> <span class='ocrx_word' id='word_1_370' title='bbox 937 3701 972 3744; x_wconf 90' lang='lat' dir='ltr'><strong>lta</strong></span> <span class='ocrx_word' id='word_1_371' title='bbox 984 3700 1071 3759; x_wconf 78' lang='lat' dir='ltr'><strong>Margo</strong></span> <span class='ocrx_word' id='word_1_372' title='bbox 1085 3700 1130 3744; x_wconf 87' lang='lat' dir='ltr'><strong>Cd.</strong></span> <span class='ocrx_word' id='word_1_373' title='bbox 1142 3699 1173 3747; x_wconf 89' lang='lat' dir='ltr'><strong>E.</strong></span> <span class='ocrx_word' id='word_1_374' title='bbox 1184 3700 1220 3745; x_wconf 85' lang='grc' dir='ltr'><strong>Α.</strong></span> <span class='ocrx_word' id='word_1_375' title='bbox 1240 3704 1279 3750; x_wconf 92' lang='lat' dir='ltr'><strong>L.</strong></span> <span class='ocrx_word' id='word_1_376' title='bbox 1298 3706 1331 3750; x_wconf 84' lang='grc' dir='ltr'><strong>Η.</strong></span> 
     </span>
     <span class='ocr_line' id='line_1_41' title="bbox 184 3767 1332 3830; baseline 0.004 -17"><span class='ocrx_word' id='word_1_377' title='bbox 184 3771 266 3826; x_wconf 87' lang='lat' dir='ltr'><strong>(nocte</strong></span> <span class='ocrx_word' id='word_1_378' title='bbox 282 3770 341 3830; x_wconf 81' lang='lat' dir='ltr'><strong>orgi</strong></span> <span class='ocrx_word' id='word_1_379' title='bbox 354 3767 446 3826; x_wconf 88' lang='lat' dir='ltr'><strong>Beutl.)</strong></span> <span class='ocrx_word' id='word_1_380' title='bbox 464 3792 498 3803; x_wconf 93' lang='lat'><em>-</em></span> <span class='ocrx_word' id='word_1_381' title='bbox 516 3774 575 3813; x_wconf 84' lang='lat' dir='ltr'><strong>notu</strong></span> <span class='ocrx_word' id='word_1_382' title='bbox 586 3770 711 3829; x_wconf 78' lang='lat' dir='ltr'><strong>magis-C.</strong></span> <span class='ocrx_word' id='word_1_383' title='bbox 724 3793 756 3803; x_wconf 93' lang='lat'><em>-</em></span> <span class='ocrx_word' id='word_1_384' title='bbox 767 3775 826 3814; x_wconf 85' lang='lat' dir='ltr'><strong>noto</strong></span> <span class='ocrx_word' id='word_1_385' title='bbox 835 3770 909 3830; x_wconf 77' lang='lat' dir='ltr'><strong>cogis</strong></span> <span class='ocrx_word' id='word_1_386' title='bbox 919 3769 949 3814; x_wconf 87' lang='lat' dir='ltr'><strong>E.</strong></span> <span class='ocrx_word' id='word_1_387' title='bbox 962 3770 1022 3814; x_wconf 87' lang='lat' dir='ltr'><strong>Cdd.</strong></span> <span class='ocrx_word' id='word_1_388' title='bbox 1035 3769 1092 3813; x_wconf 77' lang='lat' dir='ltr'><strong>ani.</strong></span> <span class='ocrx_word' id='word_1_389' title='bbox 1105 3769 1148 3813; x_wconf 88' lang='lat' dir='ltr'><strong>W.</strong></span> <span class='ocrx_word' id='word_1_390' title='bbox 1170 3770 1222 3815; x_wconf 85' lang='lat' dir='ltr'><strong>Sed</strong></span> <span class='ocrx_word' id='word_1_391' title='bbox 1241 3776 1332 3820; x_wconf 84' lang='lat' dir='ltr'><strong>attera</strong></span> 
     </span>
     <span class='ocr_line' id='line_1_42' title="bbox 184 3838 1332 3899; baseline 0 -17"><span class='ocrx_word' id='word_1_392' title='bbox 184 3839 257 3885; x_wconf 85' lang='lat' dir='ltr'><strong>lectio</strong></span> <span class='ocrx_word' id='word_1_393' title='bbox 273 3840 400 3884; x_wconf 76' lang='lat' dir='ltr'><strong>ntanttesto</strong></span> <span class='ocrx_word' id='word_1_394' title='bbox 416 3850 489 3884; x_wconf 81' lang='lat' dir='ltr'><strong>vera:</strong></span> <span class='ocrx_word' id='word_1_395' title='bbox 509 3871 521 3894; x_wconf 88' lang='lat'><strong>‚,</strong></span> <span class='ocrx_word' id='word_1_396' title='bbox 529 3852 600 3896; x_wconf 86' lang='lat' dir='ltr'><strong>quum</strong></span> <span class='ocrx_word' id='word_1_397' title='bbox 620 3845 691 3884; x_wconf 82' lang='lat' dir='ltr'><strong>noctu</strong></span> <span class='ocrx_word' id='word_1_398' title='bbox 705 3845 849 3898; x_wconf 81' lang='lat' dir='ltr'><strong>vagarentur</strong></span> <span class='ocrx_word' id='word_1_399' title='bbox 864 3838 942 3883; x_wconf 84' lang='lat' dir='ltr'><strong>cubile</strong></span> <span class='ocrx_word' id='word_1_400' title='bbox 958 3843 1116 3896; x_wconf 84' lang='lat' dir='ltr'><strong>quaerentes,</strong></span> <span class='ocrx_word' id='word_1_401' title='bbox 1133 3851 1189 3883; x_wconf 88' lang='lat' dir='ltr'><strong>sese</strong></span> <span class='ocrx_word' id='word_1_402' title='bbox 1208 3845 1332 3899; x_wconf 64' lang='lat' dir='ltr'><strong>recipie.</strong></span> 
     </span>
     <span class='ocr_line' id='line_1_43' title="bbox 183 3907 1330 3968; baseline 0.003 -16"><span class='ocrx_word' id='word_1_403' title='bbox 183 3910 242 3953; x_wconf 89' lang='lat' dir='ltr'><strong>bant</strong></span> <span class='ocrx_word' id='word_1_404' title='bbox 260 3909 283 3953; x_wconf 92' lang='lat' dir='ltr'><strong>in</strong></span> <span class='ocrx_word' id='word_1_405' title='bbox 299 3910 395 3954; x_wconf 85' lang='lat' dir='ltr'><strong>autra.’&#39;</strong></span> <span class='ocrx_word' id='word_1_406' title='bbox 422 3910 512 3954; x_wconf 82' lang='lat' dir='ltr'><strong>Contra</strong></span> <span class='ocrx_word' id='word_1_407' title='bbox 529 3910 553 3953; x_wconf 91' lang='lat' dir='ltr'><strong>in</strong></span> <span class='ocrx_word' id='word_1_408' title='bbox 569 3910 646 3954; x_wconf 85' lang='lat' dir='ltr'><strong>attera</strong></span> <span class='ocrx_word' id='word_1_409' title='bbox 671 3910 791 3963; x_wconf 85' lang='lat' dir='ltr'><strong>tertione,</strong></span> <span class='ocrx_word' id='word_1_410' title='bbox 820 3911 841 3954; x_wconf 89' lang='lat' dir='ltr'><strong>si</strong></span> <span class='ocrx_word' id='word_1_411' title='bbox 860 3910 900 3967; x_wconf 89' lang='lat' dir='ltr'><strong>qui</strong></span> <span class='ocrx_word' id='word_1_412' title='bbox 919 3907 1067 3968; x_wconf 80' lang='lat' dir='ltr'><strong>significatus</strong></span> <span class='ocrx_word' id='word_1_413' title='bbox 1086 3908 1163 3961; x_wconf 87' lang='lat' dir='ltr'><strong>inest,</strong></span> <span class='ocrx_word' id='word_1_414' title='bbox 1196 3909 1247 3955; x_wconf 88' lang='lat' dir='ltr'><strong>hic</strong></span> <span class='ocrx_word' id='word_1_415' title='bbox 1271 3920 1330 3959; x_wconf 84' lang='lat' dir='ltr'><strong>est:</strong></span> 
     </span>
     <span class='ocr_line' id='line_1_44' title="bbox 184 3978 1332 4035; baseline 0 -14"><span class='ocrx_word' id='word_1_416' title='bbox 184 3980 277 4033; x_wconf 84' lang='lat' dir='ltr'><strong>„etiam</strong></span> <span class='ocrx_word' id='word_1_417' title='bbox 294 3991 337 4033; x_wconf 81' lang='lat' dir='ltr'><strong>per</strong></span> <span class='ocrx_word' id='word_1_418' title='bbox 356 3980 420 4023; x_wconf 87' lang='lat' dir='ltr'><strong>diem</strong></span> <span class='ocrx_word' id='word_1_419' title='bbox 439 3979 566 4033; x_wconf 84' lang='lat' dir='ltr'><strong>tenebant,</strong></span> <span class='ocrx_word' id='word_1_420' title='bbox 596 3978 734 4022; x_wconf 82' lang='lat' dir='ltr'><strong>habitabant</strong></span> <span class='ocrx_word' id='word_1_421' title='bbox 751 3984 837 4032; x_wconf 87' lang='lat' dir='ltr'><strong>antra,</strong></span> <span class='ocrx_word' id='word_1_422' title='bbox 857 3992 916 4035; x_wconf 88' lang='lat' dir='ltr'><strong>quaa</strong></span> <span class='ocrx_word' id='word_1_423' title='bbox 936 3981 1044 4034; x_wconf 84' lang='lat' dir='ltr'><strong>palantes</strong></span> <span class='ocrx_word' id='word_1_424' title='bbox 1063 3978 1192 4035; x_wconf 86' lang='lat' dir='ltr'><strong>aliquando</strong></span> <span class='ocrx_word' id='word_1_425' title='bbox 1212 3979 1332 4028; x_wconf 83' lang='lat' dir='ltr'><strong>iurene.</strong></span> 
     </span>
     <span class='ocr_line' id='line_1_45' title="bbox 184 4047 1332 4113; baseline 0.001 -24"><span class='ocrx_word' id='word_1_426' title='bbox 184 4048 265 4089; x_wconf 85' lang='lat' dir='ltr'><strong>rant.”</strong></span> <span class='ocrx_word' id='word_1_427' title='bbox 292 4048 339 4091; x_wconf 86' lang='lat' dir='ltr'><strong>Sed</strong></span> <span class='ocrx_word' id='word_1_428' title='bbox 357 4048 402 4091; x_wconf 88' lang='lat' dir='ltr'><strong>hoc</strong></span> <span class='ocrx_word' id='word_1_429' title='bbox 421 4048 502 4105; x_wconf 86' lang='lat' dir='ltr'><strong>utique</strong></span> <span class='ocrx_word' id='word_1_430' title='bbox 521 4048 600 4091; x_wconf 86' lang='lat' dir='ltr'><strong>miuus</strong></span> <span class='ocrx_word' id='word_1_431' title='bbox 618 4051 708 4101; x_wconf 85' lang='lat' dir='ltr'><strong>aptum.</strong></span> <span class='ocrx_word' id='word_1_432' title='bbox 739 4047 857 4091; x_wconf 82' lang='lat' dir='ltr'><strong>Ethabet</strong></span> <span class='ocrx_word' id='word_1_433' title='bbox 874 4047 932 4091; x_wconf 88' lang='lat' dir='ltr'><strong>alibi</strong></span> <span class='ocrx_word' id='word_1_434' title='bbox 950 4048 1136 4113; x_wconf 69' lang='lat' dir='ltr'><strong>unocuvugus</strong></span> <span class='ocrx_word' id='word_1_435' title='bbox 1155 4048 1240 4094; x_wconf 83' lang='lat' dir='ltr'><strong>Lucr.</strong></span> <span class='ocrx_word' id='word_1_436' title='bbox 1274 4053 1332 4097; x_wconf 56' lang='lat'><strong>1²10</strong></span> 
     </span>
     <span class='ocr_line' id='line_1_46' title="bbox 183 4108 1334 4174; baseline 0.002 -14"><span class='ocrx_word' id='word_1_437' title='bbox 183 4113 361 4173; x_wconf 72' lang='lat' dir='ltr'><strong>Nympharum</strong></span> <span class='ocrx_word' id='word_1_438' title='bbox 376 4116 462 4174; x_wconf 77' lang='lat' dir='ltr'><strong>Pinzg.</strong></span> <span class='ocrx_word' id='word_1_439' title='bbox 479 4116 576 4161; x_wconf 86' lang='lat' dir='ltr'><strong>volebat</strong></span> <span class='ocrx_word' id='word_1_440' title='bbox 590 4114 774 4173; x_wconf 75' lang='lat' dir='ltr'><strong>Lympharum.</strong></span> <span class='ocrx_word' id='word_1_441' title='bbox 825 4114 884 4161; x_wconf 83' lang='grc'><strong>947.</strong></span> <span class='ocrx_word' id='word_1_442' title='bbox 904 4108 1176 4161; x_wconf 59' lang='grc' dir='ltr'><strong>αιὲτὶὸαπτΕάᾱηεῑῑ.</strong></span> <span class='ocrx_word' id='word_1_443' title='bbox 1203 4121 1334 4167; x_wconf 71' lang='lat' dir='ltr'><strong>exibant</strong></span> 
     </span>
     <span class='ocr_line' id='line_1_47' title="bbox 185 4183 1334 4243; baseline 0.003 -18"><span class='ocrx_word' id='word_1_444' title='bbox 185 4183 231 4226; x_wconf 80' lang='grc' dir='ltr'><strong>Αν.</strong></span> <span class='ocrx_word' id='word_1_445' title='bbox 246 4184 305 4230; x_wconf 85' lang='lat' dir='ltr'><strong>Har.</strong></span> <span class='ocrx_word' id='word_1_446' title='bbox 322 4187 384 4241; x_wconf 88' lang='lat' dir='ltr'><strong>quod</strong></span> <span class='ocrx_word' id='word_1_447' title='bbox 403 4186 511 4240; x_wconf 84' lang='lat' dir='ltr'><strong>reposui.</strong></span> <span class='ocrx_word' id='word_1_448' title='bbox 537 4183 742 4228; x_wconf 85' lang='lat' dir='ltr'><strong>esclbuntCodd.</strong></span> <span class='ocrx_word' id='word_1_449' title='bbox 762 4185 837 4242; x_wconf 87' lang='lat' dir='ltr'><strong>aliq.,</strong></span> <span class='ocrx_word' id='word_1_450' title='bbox 863 4187 935 4229; x_wconf 85' lang='lat' dir='ltr'><strong>etiam</strong></span> <span class='ocrx_word' id='word_1_451' title='bbox 952 4186 983 4229; x_wconf 90' lang='grc' dir='ltr'><strong>Ε.</strong></span> <span class='ocrx_word' id='word_1_452' title='bbox 1006 4199 1036 4230; x_wconf 83' lang='lat' dir='ltr'><strong>ex</strong></span> <span class='ocrx_word' id='word_1_453' title='bbox 1052 4199 1098 4243; x_wconf 85' lang='lat' dir='ltr'><strong>qua</strong></span> <span class='ocrx_word' id='word_1_454' title='bbox 1114 4186 1243 4231; x_wconf 85' lang='lat' dir='ltr'><strong>italorum</strong></span> <span class='ocrx_word' id='word_1_455' title='bbox 1264 4194 1334 4236; x_wconf 85' lang='lat' dir='ltr'><strong>scri.</strong></span> 
     </span>
     <span class='ocr_line' id='line_1_48' title="bbox 185 4253 1335 4311; baseline 0.002 -15"><span class='ocrx_word' id='word_1_456' title='bbox 185 4256 273 4307; x_wconf 81' lang='lat' dir='ltr'><strong>ptura,</strong></span> <span class='ocrx_word' id='word_1_457' title='bbox 297 4255 379 4309; x_wconf 81' lang='lat' dir='ltr'><strong>(eece,</strong></span> <span class='ocrx_word' id='word_1_458' title='bbox 399 4254 531 4305; x_wconf 78' lang='lat' dir='ltr'><strong>nesiorum)</strong></span> <span class='ocrx_word' id='word_1_459' title='bbox 549 4258 631 4298; x_wconf 84' lang='lat' dir='ltr'><strong>uatum</strong></span> <span class='ocrx_word' id='word_1_460' title='bbox 647 4253 704 4310; x_wconf 85' lang='lat' dir='ltr'><strong>aliq.</strong></span> <span class='ocrx_word' id='word_1_461' title='bbox 722 4253 798 4299; x_wconf 76' lang='lat' dir='ltr'><strong>Codd.</strong></span> <span class='ocrx_word' id='word_1_462' title='bbox 813 4253 865 4311; x_wconf 84' lang='lat' dir='ltr'><strong>(C.)</strong></span> <span class='ocrx_word' id='word_1_463' title='bbox 880 4255 999 4300; x_wconf 79' lang='lat' dir='ltr'><strong>excibant</strong></span> <span class='ocrx_word' id='word_1_464' title='bbox 1014 4268 1028 4297; x_wconf 87' lang='lat' dir='ltr'><strong>a</strong></span> <span class='ocrx_word' id='word_1_465' title='bbox 1040 4256 1114 4300; x_wconf 80' lang='lat' dir='ltr'><strong>Wak.</strong></span> <span class='ocrx_word' id='word_1_466' title='bbox 1132 4260 1157 4300; x_wconf 88' lang='lat' dir='ltr'><strong>et</strong></span> <span class='ocrx_word' id='word_1_467' title='bbox 1175 4256 1269 4304; x_wconf 81' lang='lat' dir='ltr'><strong>Forb.</strong></span> <span class='ocrx_word' id='word_1_468' title='bbox 1291 4276 1335 4307; x_wconf 69' lang='lat' dir='ltr'><strong>re.</strong></span> 
     </span>
    </p>
   </div>
   <div class='ocr_carea' id='block_1_8' title="bbox 0 0 1387 4760">
    <p class='ocr_par' dir='ltr' id='par_1_19' title="bbox 0 0 1387 4760">
     <span class='ocr_line' id='line_1_49' title="bbox 0 0 1387 4760; baseline 0 0"><span class='ocrx_word' id='word_1_469' title='bbox 0 0 1387 4760; x_wconf 95' lang='lat' dir='ltr'><strong> </strong></span> 
     </span>
    </p>
   </div>
  </div>
 </body>
</html>
