2736 4748
1102 155 1169 218 239

42 314 236 377 Exclamare
259 311 355 386 libet,
381 313 519 392 populus
543 313 632 395 quod
654 311 766 374 clamat
789 311 877 377 Osiri

40 417 196 478 invento.
243 412 323 492 Quis
346 413 428 475 enim
451 433 642 496 generosum
666 413 782 476 dixerit
805 416 906 490 hinne,
931 414 987 497 qui
1126 415 1167 476 30

41 517 202 600 indignus
226 537 344 599 genere
367 526 398 578 et
420 515 590 596 praeclaro
614 514 740 578 nomine
762 526 883 579 tantum

42 616 220 702 Insignis?
241 620 365 681 Nanum
390 616 548 679 cuiusdam
572 617 702 680 Atlanta
727 639 899 681 vocamus:

42 721 242 802 Aethiopem
266 719 432 798 Cycnum:
457 741 587 800 parram
612 730 838 804 extortamque
860 720 1016 802 puellam,

41 825 223 904 Europen3
247 824 375 883 canibus
398 820 500 904 pigris
523 821 692 904 srabieque
715 834 839 884 vetusta

43 924 196 986 Levibus
219 934 249 984 et
271 923 373 986 siccae
396 922 605 985 lambentibus
630 945 687 986 ora
709 923 876 1000 lucernae,
1130 926 1169 986 35

42 1029 177 1090 Nomen
199 1025 261 1087 erit
281 1027 418 1106 pardus,
444 1024 556 1108 tigris,
581 1025 654 1099 leo,
679 1025 707 1088 si
729 1025 805 1108 qnid
828 1027 932 1089 adhue
954 1039 1018 1101 est,

42 1130 145 1209 Quod
167 1127 282 1189 fremat
304 1125 334 1188 in
358 1125 454 1188 terris
477 1125 660 1189 violentius.
705 1130 798 1212 Ergo
823 1128 952 1192 cavebis

40 1233 87 1294 Et
113 1241 254 1303 metues,
280 1249 318 1290 ne
340 1238 375 1290 tu
397 1228 440 1289 sis
465 1227 612 1291 Creticus
635 1242 689 1291 aut
712 1228 915 1293 Camerinus.
940 1262 978 1273 -·

85 1332 154 1393 His
178 1352 240 1415 ego
263 1350 355 1413 quem
379 1329 508 1393 inuniri?
532 1333 655 1393 'lectam
678 1343 726 1393 est
748 1330 823 1392 mibi
845 1352 971 1405 sermo,
997 1331 1128 1394 Rubelli

40 1435 183 1496 Blande.
229 1433 346 1494 Tiunes
368 1432 434 1496 alto
456 1432 641 1495 Drusorum
665 1444 848 1509 stemmate,
873 1443 1031 1517 tamquam
1131 1435 1172 1494 lu

40 1535 179 1598 Feceris
201 1533 268 1614 ipse
291 1532 426 1616 aliquid,
451 1545 589 1615 propter
613 1537 702 1618 quod
724 1534 840 1597 nobilis
863 1555 969 1609 esses,

40 1639 87 1701 Ut
113 1649 145 1698 te
169 1635 370 1716 conciperet,
397 1656 477 1718 quae
499 1635 653 1718 sanguine
674 1636 780 1719 fulget
801 1636 882 1711 Iuli,

40 1741 124 1802 Non
149 1758 230 1820 qnae
254 1749 391 1800 ventoso
415 1739 571 1799 conducta
594 1739 652 1798 enh
676 1758 797 1820 aggere
819 1738 912 1801 texit.

38 1889 53 1913 ,‚
64 1843 144 1904 Vos
168 1838 337 1913 humiles,''
362 1838 483 1921 inquis,
508 1839 621 1922 „volgi
643 1860 718 1920 pars
742 1840 853 1904 ultima
875 1840 999 1914 nostri,

40 1944 196 2021 anorum
220 1961 312 2001 uerno
336 1951 430 2023 queat
452 1939 587 2020 patriam
612 1950 790 2017 monstrare
811 1942 976 2021 parentis:
1131 1944 1170 2005 45

38 2051 109 2109 Ast
133 2063 196 2126 ego
220 2040 451 2122 Cecropides.''
497 2041 600 2102 Vivas
619 2040 810 2124 ‘etoriginis
834 2043 924 2104 huius

38 2146 173 2209 Gaudia
196 2144 293 2227 longa
315 2143 421 2206 seras:
445 2154 550 2206 tamen
572 2142 752 2223 imaplebe
777 2143 935 2223 Quiritem

37 2246 231 2311 Faciundum
253 2245 414 2318 invenies3
439 2246 523 2309 solet
544 2244 597 2307 hie
620 2245 787 2308 defendere
810 2267 921 2308 causas

39 2348 180 2414 Nobilis
203 2346 338 2422 indocti,
364 2347 469 2410 ueniet
491 2349 529 2408 de
551 2347 645 2428 plebe
668 2358 794 2429 togata,

30 2576 66 2605 re
88 2573 151 2602 vera
174 2557 288 2612 praebes,
309 2562 363 2602 lune
384 2559 518 2602 exeleurare
539 2557 613 2611 libet,
634 2550 819 2626 εὑρήκαμεν,
840 2558 1069 2628 συγχαίρομεν.”
1095 2562 1167 2605 Web..

33 2631 116 2675 aliter
135 2628 260 2671 distinxit:
287 2628 387 2684 patriae
412 2627 556 2686 contingis,
587 2629 671 2671 oranti
690 2625 847 2671 Exclamare
867 2629 926 2672 libel
951 2634 997 2673 cet.
1047 2630 1093 2672 Sed
1112 2630 1171 2672 baec

34 2701 108 2742 ratio
130 2699 186 2740 ideo
205 2700 282 2740 rninus
305 2696 419 2740 concinna
438 2702 488 2749 est,
523 2697 586 2752 quod
605 2698 664 2741 duae
687 2698 721 2740 sic
745 2697 928 2740 exclamationes
949 2695 1008 2740 finnt
1025 2698 1086 2741 inire
1109 2694 1171 2741 inter

33 2783 64 2812 se
100 2779 235 2810 connexae.
284 2763 307 2818 1)
332 2764 404 2809 Saloe
428 2763 559 2809 Gaetulice
581 2770 627 2809 eet.
672 2763 698 2819 2)
716 2759 885 2832 εὑρήκαμεν
911 2770 957 2809 cel.
995 2766 1095 2820 „Coton
1118 2772 1172 2820 post

32 2836 131 2881 oranti
151 2837 219 2888 posui
239 2847 283 2888 pro
302 2840 407 2888 puncto,
427 2836 490 2889 quod
508 2839 562 2877 alite
578 2834 651 2880 Web.
671 2835 748 2878 erat.’'
767 2835 798 2878 G.
819 2833 849 2877 E.
871 2834 1002 2878 Weberus.
1053 2831 1094 2878 32.
1114 2848 1170 2892 quo·

30 2904 147 2950 laedam
159 2902 188 2946 C.
208 2909 231 2947 et
249 2903 311 2946 idem
330 2904 389 2946 Cod.
410 2915 480 2958 saepe
494 2903 596 2960 quoius,
617 2904 688 2961 quoi,
709 2916 790 2962 quom.
830 2898 871 2947 33.
892 2900 1018 2962 Cycnum]
1037 2910 1071 2946 sle
1085 2904 1171 2958 scripsi

16 2981 63 3026 ‚ut
83 2972 201 3030 ambigue
223 2977 247 3016 et
269 2972 302 3016 sit
319 2972 400 3016 herois
422 2986 509 3016 nornen
528 2977 552 3015 et
573 2973 697 3015 candidum
720 2971 848 3030 siguificat.
886 2974 965 3030 Vulgo
985 2975 1108 3030 cyenum':
1129 2974 1170 3015 sed

31 3044 196 3088 concinnitas
213 3055 278 3085 nom.
298 3054 336 3095 pr.
356 3042 472 3097 requirit,
506 3045 530 3083 ut
550 3039 667 3094 Atlanta,
687 3040 803 3098 Europen
823 3039 960 3097 (Europam
979 3041 1007 3083 F.
1025 3042 1091 3083 solus
1110 3041 1172 3083 inter

29 3111 139 3165 meos.)
177 3111 252 3165 Saepe
278 3115 357 3154 autern
378 3111 454 3154 servis
474 3110 590 3163 heroum,
609 3123 694 3168 regum
716 3115 761 3152 eet.
783 3109 878 3151 nomina
901 3108 1084 3163 imponebantur
1105 3109 1170 3164 3clr.

30 3181 171 3234 Inscripti.
191 3193 256 3223 ineas
273 3179 326 3222 Lat.
347 3179 377 3223 N.
399 3175 476 3223 2783.
513 3179 572 3221 Mox
588 3191 694 3236 parvam
717 3190 798 3220 oannes
825 3178 871 3220 urei
894 3177 953 3221 deb.
973 3177 1048 3222 weh.
1065 3189 1171 3234 prunam

30 3265 97 3297 cum
120 3250 182 3292 Cdd.
202 3250 259 3304 aliq.
279 3249 340 3291 hand
359 3249 408 3292 scio
422 3262 450 3292 an
464 3247 623 3302 invitusllop.
662 3243 703 3290 37.
716 3242 810 3304 fremit
827 3246 898 3290 Ant.
920 3247 956 3290 lb.
971 3243 1042 3306 Ergo
1061 3243 1172 3302 carebis]

28 3321 85 3365 Est
98 3318 218 3361 allocutio
237 3319 266 3360 ad
285 3319 415 3370 lectorem,
438 3332 486 3361 non
500 3319 528 3360 ad
546 3317 638 3361 nobiles
653 3329 675 3359 v.
696 3313 738 3363 26.
761 3313 802 3359 27.
824 3311 865 3358 38.
887 3316 1030 3359 nominatos.
1070 3311 1111 3358 38.
1132 3315 1171 3358 Sic

29 3401 130 3433 ornnes
149 3387 207 3430 mei.
229 3406 258 3417 -
284 3399 314 3429 ne
339 3387 377 3429 sis
401 3391 427 3430 tu
452 3386 496 3430 Cd.
517 3385 633 3429 Seburzll.
655 3404 687 3417 -
707 3399 737 3428 ue
755 3390 781 3428 lu
799 3385 837 3429 air
857 3384 916 3427 lunii
941 3388 965 3429 et
986 3384 1169 3428 Schradeoni.

28 3454 161 3502 Creticus
178 3467 310 3512 cognomen
329 3453 357 3498 C.
379 3455 478 3499 Caecilii
497 3456 604 3508 Metelli,
635 3454 747 3498 Consulis
764 3467 790 3496 u.
810 3469 830 3497 c.
853 3451 912 3497 681.
963 3449 1113 3496 Camerinus
1132 3466 1172 3494 eo·

26 3538 150 3586 gnomen
167 3524 285 3578 Sulpiciae
302 3524 390 3581 gentis.
438 3521 479 3568 39.
500 3519 526 3567 0.
544 3521 671 3567 Rubellius
689 3521 804 3567 Blandus
824 3518 945 3577 (Plautus)
962 3536 1010 3579 per
1029 3526 1170 3564 maternam

25 3594 174 3653 originem
189 3593 250 3648 puri
267 3605 297 3634 ae
314 3590 382 3636 Nero
400 3591 485 3652 gradu
504 3607 519 3634 a
534 3591 568 3636 D.
588 3591 711 3651 Augusto.
732 3593 791 3636 Tar.
811 3590 874 3634 Anu.
900 3588 946 3645 13,
969 3589 1009 3635 19.
1029 3588 1092 3634 lilius
1117 3592 1171 3635 scil.

23 3662 153 3709 Rubellii
172 3661 256 3704 Blandi
274 3666 298 3705 et
318 3662 409 3716 luliae,
435 3675 493 3719 qnae
512 3661 557 3705 luit
573 3659 624 3705 filia
640 3663 729 3715 Drusi,
749 3663 826 3714 neptis
840 3659 922 3703 Liviae
941 3664 965 3704 et
983 3660 1109 3715 proneptis
1131 3660 1171 3703 Li-

23 3738 92 3779 viae
113 3731 246 3787 Augustae.
267 3753 300 3762 —
319 3731 416 3774 'l'aeitus
435 3735 535 3775 eontra:
565 3733 594 3774 A.
617 3728 657 3774 14.
679 3728 720 3773 22.
770 3729 827 3784 lpse
844 3729 940 3784 placitu
961 3730 1090 3780 anulorum,
1106 3730 1171 3773 eole-

22 3804 100 3854 bat,
135 3797 224 3842 babila
241 3811 350 3852 acano,
379 3807 452 3844 easta
478 3806 502 3844 et
524 3798 729 3855 seeretaldomo.
771 3797 859 3841 Plaule
888 3799 912 3841 b.
941 3799 958 3842 l.
979 3799 1044 3842 dedit
1065 3799 1170 3843 Hennin.

24 3869 82 3917 42.
108 3867 157 3912 cub
179 3867 237 3910 ue're
256 3867 308 3911 FG.
329 3880 451 3927 aggerem
470 3869 575 3926 intellige
594 3883 608 3912 a
626 3868 759 3923 Tarquinio
778 3866 887 3921 Superbo
906 3872 1023 3912 slrnetnm
1042 3882 1055 3910 a
1077 3867 1172 3911 Collina

22 3943 114 3997 porta
133 3950 209 3992 nsque
226 3937 256 3979 ad
275 3936 440 3993 Esquilinam,
473 3939 512 3982 ubi
528 3938 628 3982 viliores
647 3942 671 3981 et
696 3936 829 3991 paupertini
851 3936 961 3994 agebant.
982 3938 1032 3982 Sat.
1055 3933 1088 3988 6,
1109 3931 1169 3977 588.

17 4007 174 4055 Plebelum
192 4005 219 4048 in
237 4004 306 4049 circo
322 4006 432 4062 positum
450 4012 489 4051 est
506 4012 529 4050 et
547 4007 573 4050 ln
592 4019 689 4066 aggere
699 4001 795 4063 futuru.
816 4019 839 4049 v.
860 4005 960 4049 Nardini
984 4003 1062 4047 Rorna
1084 4002 1170 4046 antica

18 4080 75 4126 ed.
98 4075 192 4128 Nibby.
212 4074 288 4118 Roma
309 4072 385 4118 1818.
405 4077 461 4119 Vol.
477 4073 501 4122 2.
518 4089 540 4129 p.
556 4072 597 4120 15.
636 4072 678 4118 43.
698 4076 778 4134 inquil
797 4076 826 4119 Α.
844 4085 1015 4117 ascensiana.
1055 4066 1096 4114 15.
1108 4066 1171 4122 „Ge-

17 4141 174 4204 cropldee]
199 4147 268 4187 relns
295 4144 354 4187 ciris
372 4144 512 4194 Romanus,
545 4149 583 4197 nt,
612 4146 651 4199 qni
670 4157 724 4188 curn
742 4145 851 4196 Cecrope
870 4144 894 4185 iu
913 4140 1015 4183 Atticam
1033 4138 1168 4188 venissent,

16 4218 197 4263 Athenarum
217 4212 289 4266 primi
304 4212 400 4256 ,incolae
419 4209 543 4256 fuerunt.''
560 4213 592 4255 G.
612 4212 640 4256 E.
662 4212 791 4255 Weberus.
