2750 4744
36 298 213 361 Fortunata
234 317 307 360 meo
329 297 356 359 si
378 317 497 381 quaes
520 300 686 371 celebrata
701 288 830 366 libello!

97 396 250 461 Carmina
273 409 368 461 erunt
389 399 513 462 formae
535 411 585 464 tot
607 413 809 465 monumenta
831 413 928 466 tuae:

37 500 115 560 Nam
139 519 244 581 neque
267 499 472 577 Pyramidum
495 505 701 581 sumptus-ad
722 501 826 587 sidera
848 503 951 578 ducti,

95 601 168 662 Nec
190 598 281 661 Iovis
304 599 378 662 Elei
399 601 521 662 caelum
543 600 662 663 imitata
685 605 817 678 domus,
867 623 870 629 ’

37 701 106 762 Nee
127 699 292 763 Mausolei
314 699 402 762 dives
424 700 554 763 fortuna
578 702 719 782 sepulcri

97 800 222 862 Mortis
246 803 285 861 ab
299 812 450 862 ‘extrema
474 801 660 865 conditione
683 814 810 867 vacant.
843 842 846 853 ι
920 784 929 794 i

38 902 104 963 Aut
125 900 189 962 illis
211 901 334 961 flamma
358 913 412 963 aut
432 901 535 963 imber
557 902 712 964 subducet
734 903 893 979 bonores}

98 1003 272 1063 Annorum
296 1011 349 1063 aut
371 1000 437 1063 ictu
457 1003 601 1081 pondera
626 1002 711 1064 victa
733 1015 839 1066 ruent.

38 1102 84 1163 At
105 1122 172 1164 non
195 1099 325 1183 ingenio
348 1100 530 1184 quaesitum
546 1122 663 1164 nomeu
686 1105 726 1164 ab
749 1101 831 1166 aevo

100 1200 268 1267 Excidet:
291 1200 421 1284 ingenio
444 1212 512 1263 stat⁴
527 1199 595 1264 sine
617 1213 720 1265 morte
741 1205 853 1268 decus.

317 1385 395 1447 nu.
419 1384 488 1447 111.
509 1339 808 1462 uuistuom
830 1387 880 1451 11.

38 1503 141 1567 Visus
162 1524 249 1566 eram
274 1501 362 1565 molli
382 1504 539 1565 recubans
561 1501 729 1566 Heliconis
750 1504 782 1566 in
803 1506 935 1581 umbra,

102 1602 373 1684 Bellerophontei
396 1623 458 1685 qua
479 1602 686 1666 fluitbumor
708 1604 801 1687 equi,

39 1706 171 1789 Reges,
197 1705 302 1778 Alba,
327 1714 401 1765 tuos
422 1716 455 1766 et
476 1723 590 1786 regum
612 1702 698 1764 facta
719 1715 868 1779 tuorum,

103 1808 244 1868 Tantum
267 1804 394 1885 operis,
418 1803 527 1866 nervis
548 1788 673 1883 hiscere
695 1825 792 1884 posse
815 1803 911 1866 meis:
978 1798 982 1805 ’

40 1908 215 1989 Parvaque
236 1916 300 1966 tam
323 1904 444 1988 maguis
466 1907 627 1967 admoram
648 1903 792 1971 lontibus
815 1923 893 1976 ora,

106 2008 202 2070 Unde
224 2016 316 2087 pater
338 2004 448 2067 sitiens
468 2004 592 2067 Ennius
615 2014 687 2065 ante
709 2003 809 2078 bibit,

40 2108 85 2170 Et
107 2106 226 2195 cecini
234 2103 352 2169 Curios
374 2105 492 2168 iratres
513 2116 547 2165 et
568 2103 705 2166 Horatia
727 2103 811 2184 pila,

106 2206 277 2290 Regiaque
300 2196 436 2269 Aemilia
459 2215 550 2267 vecta
571 2215 706 2284 tropaea
726 2215 815 2279 rate3
921 2284 923 2293 y

41 2306 274 2389 victricesque
294 2326 401 2369 moras
423 2305 516 2369 Fabii
536 2324 748 2388 pugnamque
761 2302 920 2367 sinistram

108 2407 311 2471 Cannensem
331 2417 364 2468 et
386 2422 501 2468 versos
524 2407 564 2466 ad
584 2392 637 2485 pia
659 2415 737 2468 vota
759 2407 858 2478 deos;

41 2508 324 2588 Hannibalemque
347 2507 451 2568 Lares
473 2493 619 2570 Romana
641 2507 714 2566 sede
735 2504 903 2588 fugantes,

37 2746 88 2777 eur
106 2729 237 2776 Marcius.
273 2728 362 2775 Postea
380 2728 411 2791 Q.
430 2729 547 2775 Murrius
564 2730 619 2776 Rex
635 2732 662 2776 in
676 2737 819 2789 praetura,
839 2743 978 2790 rursusque
996 2732 1108 2777 restituit
1124 2730 1163 2781 Μ.

38 2801 172 2860 Agrippa.
226 2795 268 2843 53.
288 2804 366 2857 gruta
387 2813 442 2843 cum
461 2799 522 2843 cta.
542 2801 591 2845 lac.
611 2799 660 2844 tu.
679 2823 712 2834 -
729 2813 794 2843 curu
811 2801 902 2858 Vulgo.
924 2822 957 2834 -
976 2813 1039 2843 raro
1055 2800 1119 2846 God.
1141 2800 1166 2845 l.

38 2869 140 2915 Nobbe.
197 2863 241 2912 57.
268 2866 304 2923 De
322 2871 372 2910 toto
391 2868 415 2911 la.
438 2869 455 2911 l.
479 2870 575 2927 egregia
593 2869 698 2923 disputat
714 2867 839 2922 Wyttenb.
858 2867 924 2911 Bibl.
944 2867 1009 2912 Crit.
1035 2865 1069 2923 3,
1090 2867 1116 2913 4.
1141 2882 1166 2924 p.

40 2935 85 2983 50.
107 2940 195 2980 eontra
219 2937 405 2989 interpolatores
424 2936 538 2980 Batavos.
557 2938 640 2980 Burm.
659 2937 712 2980 scil.
732 2936 838 2980 malebat
857 2950 880 2979 v.
902 2931 944 2981 57.
965 2942 1061 2980 montes
1079 2950 1102 2981 r.
1124 2934 1167 2980 ⁶2.

39 3006 153 3049 llaoukb.
179 3008 246 3047 aeter.
263 3004 348 3046 Bnrm.
365 3003 496 3061 pondere3
517 3005 545 3048 de
562 3005 650 3061 quibus
663 3005 804 3048 commentis
821 3005 852 3047 ita
869 3003 993 3056 Wyttenb.
1014 3005 1166 3057 pronuntiat:

39 3075 107 3128 „llis
130 3074 156 3116 in
181 3071 292 3116 versibus
317 3085 388 3128 quum
403 3073 484 3116 omnia
501 3074 633 3129 sintplana
650 3078 674 3116 et
691 3085 704 3115 a
721 3072 843 3126 prioribus
864 3071 902 3113 vel
921 3072 991 3113 tacite
1011 3071 1113 3124 probata
1130 3072 1169 3114 sel

38 3145 133 3191 diserte
156 3140 269 3194 explicita
292 3141 466 3194 interpretibus
484 3140 578 3186 Graece
606 3141 768 3192 doctissimis,
795 3137 922 3194 Scaligero
941 3139 1043 3181 maxime
1064 3144 1090 3184 et
1114 3138 1170 3182 Mu«
1236 3191 1237 3194 Ἴ

39 3215 118 3265 reto;
139 3208 290 3262 posteriores
309 3209 434 3262 nonnulli,
461 3214 490 3252 et
507 3210 552 3264 ipsi
574 3209 685 3252 versibus
706 3202 838 3265 pangendis
865 3206 928 3249 nacti
950 3219 1036 3250 nomen
1054 3207 1170 3262 pretium-

39 3292 88 3336 que
109 3279 214 3331 poetae,
233 3276 349 3332 quaedem
364 3277 502 3321 desiderare
518 3281 662 3332 coeperunt,
684 3267 857 3334 elegantissimi
878 3274 974 3330 quidem
997 3275 1033 3319 illi
1061 3275 1171 3319 homines

38 3346 156 3405 ingenii,
184 3344 226 3387 sed
249 3344 332 3387 indicii
351 3344 448 3388 fastidio
466 3347 572 3400 decepti,
598 3358 642 3389 nee
657 3346 712 3402 quid
731 3345 776 3387 hoe
794 3344 818 3387 in
836 3343 959 3396 Propertii
977 3343 1031 3387 loco
1049 3345 1171 3388 desidera·

39 3414 110 3468 turi,
132 3414 154 3456 si
175 3411 268 3456 Graeca
285 3414 433 3469 cogitassent
450 3415 559 3469 exempla
573 3414 696 3471 magisque
717 3413 881 3467 spectassent,
901 3411 956 3466 quid
978 3412 1020 3453 ille
1041 3413 1109 3454 unice
1133 3424 1172 3454 se·

37 3481 129 3539 quenti
149 3480 340 3535 poe’taedtcere
361 3481 473 3535 licuerit,
495 3495 565 3539 quam
580 3482 635 3538 quid
653 3482 700 3536 ipsi
718 3482 770 3525 sois
792 3481 816 3523 iu
834 3478 945 3523 versibus
969 3478 1015 3522 sibi
1033 3480 1107 3523 licere
1128 3491 1172 3532 pu·

39 3550 126 3595 tent.''
182 3544 226 3592 to.
245 3553 320 3611 carot
336 3547 396 3607 lleg.
417 3563 464 3593 non
482 3550 587 3604 improb.
609 3551 658 3593 lar.

247 3698 255 3705 ·
326 3687 327 3690 ’
421 3687 814 3747 mauriannensem

102 3811 130 3859 7.
151 3813 224 3867 „Qua
249 3809 279 3853 L.
316 3810 434 3857 Aemilius
445 3814 544 3857 Paullus
557 3815 727 3860 Macedonicus
742 3816 797 3867 post
808 3811 934 3855 victoriam
949 3812 978 3855 da
997 3810 1072 3857 Perse
1085 3825 1174 3867 repor-

37 3889 124 3929 tatam
142 3881 246 3923 Romam
263 3892 377 3923 reversus
396 3894 439 3936 per
459 3883 568 3926 'l'iberim
583 3882 711 3941 navigavit.
736 3880 790 3924 Lis.
808 3877 854 3934 45,
876 3876 934 3924 35.·’
951 3881 1025 3925 Kuin.
1061 3880 1176 3924 Ceterum

38 3950 133 3996 cecini
151 3948 287 4001 suspicatus
306 3952 344 3990 est
363 3949 449 3994 laeobs
466 3948 625 3995 Blumenlese
646 3964 671 4006 p.
692 3946 751 4001 205.
774 3949 841 4002 ideo,
867 3950 922 4004 quia
939 3951 979 4005 qui
995 3949 1034 3992 hie
1055 3945 1175 4003 signifiea-

41 4027 86 4067 tus·
106 4019 202 4062 Perses
223 4015 355 4059 debellatus
374 4023 411 4062 est
430 4019 525 4063 demum
550 4034 573 4064 a.
592 4034 617 4063 u.
636 4008 659 4063 c.
680 4014 740 4065 586.
760 4031 822 4061 auno
841 4029 888 4061 ono
906 4021 961 4070 post
977 4015 1049 4060 Ennii
1068 4013 1174 4066 obitum,

39 4103 91 4134 saec
115 4086 193 4144 igitur
223 4085 303 4127 locum
318 4084 507 4142 haberepotuit
524 4087 575 4132 eius
599 4088 635 4133 rei
651 4088 742 4132 mentio
764 4087 788 4130 in
813 4085 920 4129 eiusdem
937 4081 1080 4128 Annalibus.
1100 4079 1176 4124 llere·

39 4159 80 4213 pit
100 4153 189 4199 cecini
206 4149 267 4199 tt..
282 4151 364 4198 Ceth:
384 4176 417 4189 -
436 4154 537 4200 cecinit.

95 4235 193 4288 Eulogae
206 4232 249 4275 lut.
259 4232 316 4274 Po'e't.
415 4278 418 4283 ¹
967 4227 1007 4286 ss
1033 4230 1037 4235 ’
