2762 4760
29 373 125 453 Quam
145 369 303 435 muliebre
324 388 442 453 genus;
465 389 538 430 nam
561 367 659 452 longe
681 376 823 450 praestat
842 366 875 430 in
897 377 966 433 arte

28 478 68 537 Et
85 473 249 538 sollertius
265 483 313 535 est
335 470 436 537 multo
459 477 559 555 genus
573 490 675 534 omne
698 469 811 534 virile:

28 575 203 660 Agricolae
224 578 328 638 donee
351 570 432 635 vitio
456 582 588 635 vortere
607 574 752 647 scverei,

29 681 68 742 Ut
88 674 300 740 muliebribus
323 673 357 736 id
380 672 524 736 manibus
548 677 727 738 concedere
750 674 868 739 uellent

29 781 129 863 Atque
153 777 237 860 ipsei
259 776 382 859 pariter
405 779 518 839 durum
540 777 676 839 sufferre
698 777 859 851 laborem,

30 883 131 966 Atque
152 901 253 962 opere
274 879 408 942 induro
432 881 585 941 durarent
606 881 748 942 membra
768 900 952 964 manusque.

85 984 132 1047 At
154 980 316 1064 specimen
330 964 472 1044 ¹sationis
493 970 525 1043 et
543 979 704 1045 insitionis
729 980 827 1065 origo

30 1086 98 1167 ipsa
119 1083 183 1147 fuit
207 1104 314 1147 rerum
336 1078 474 1165 primum
498 1083 622 1145 Natura
644 1082 804 1146 creatrix:

30 1182 213 1250 Arboribus
235 1182 386 1268 quoniam
408 1184 507 1246 bacae
528 1182 882 1270 glandesque'caducae

31 1288 232 1372 Tempestiva
253 1291 370 1350 dabant
393 1287 555 1369 pullorum
580 1288 724 1351 examina
743 1290 871 1362 subter,

33 1394 116 1455 Unde
139 1391 234 1455 etiam
255 1389 412 1453 libitumst
435 1388 563 1471 stirpeis
584 1391 784 1455 committere
805 1388 902 1453 ramis

30 1494 69 1555 Et
90 1514 177 1557 nova
201 1492 354 1555 defodere
377 1490 552 1554 interram
576 1491 716 1576 virgulta
736 1514 797 1575 per
818 1513 930 1576 agros.

86 1596 167 1658 Inde
191 1593 284 1656 aliam
307 1604 404 1678 ‚atque
427 1593 520 1656 aliam
540 1593 696 1667 culturam
719 1594 821 1658 dulcis
844 1593 940 1678 agelli

31 1698 224 1770 Teutabant;
248 1696 436 1780 fructusque
459 1696 549 1760 seros
570 1717 791 1778 mansuescere
811 1708 899 1760 terra

30 1797 210 1861 Cernebant
231 1796 428 1879 indulgendo
452 1797 631 1883 blandeque
650 1798 805 1864 colundo.

28 1900 127 1984 Inque
147 1898 214 1962 dies
235 1898 337 1981 ruagis
356 1898 390 1961 in
413 1910 552 1964 montem
570 1904 742 1965 succedere
761 1901 859 1965 silvas
873 1915 892 1946 ⁶

29 2001 199 2086 Cogebaut
220 2000 369 2087 infraque
390 2000 497 2065 locum
523 2005 702 2067 concedere
724 2002 840 2065 cultis:

28 2105 142 2178 Prata,
164 2103 271 2177 lacus,
293 2101 403 2177 rivos,
427 2114 552 2187 segetes
574 2102 744 2190 vinetaque
766 2104 847 2168 laeta

28 2204 176 2269 Collibus
199 2216 230 2266 et
254 2203 432 2285 campis‘ut
451 2207 607 2267 habereut
629 2217 724 2292 atque
747 2209 891 2270 olearum

28 2306 165 2371 Caerula
187 2305 384 2390 distinguens
404 2306 488 2370 iuter
508 2306 610 2395 plaga¹
627 2330 758 2371 currere
781 2319 891 2391 posset

27 2411 95 2473 Per
115 2407 253 2472 tumulos
273 2419 305 2470 et
326 2408 504 2473 convalleis
527 2430 723 2494 camposque
743 2411 898 2491 profusa:

26 2512 73 2575 Ut
95 2531 176 2572 nunc
196 2532 264 2573 esse
287 2509 377 2573 vides
398 2510 490 2574 vario
515 2509 663 2574 distincta
686 2512 798 2595 lepore

30 2611 161 2688 Omnia,
185 2634 266 2698 quae
288 2612 394 2694 pomis
416 2612 560 2676 intersita
580 2612 729 2677 ‘dulcibus
748 2627 863 2679 ornant
903 2657 904 2660 κ

26 2714 242 2799 Arbustisque
263 2727 370 2778 teuent
388 2715 537 2779 felicibus
561 2714 666 2780 obsita
689 2715 824 2779 circum.

90 2820 137 2880 At
156 2816 296 2902 liquidas
317 2816 422 2880 avium
444 2838 544 2881 voees
566 2816 722 2881 imitarier
743 2836 800 2882 ore

27 2921 113 2985 Ante
134 2920 196 2984 suit
217 2921 336 2997 multo,
360 2941 453 3006 quam
475 2919 559 2984 levia
582 2918 721 2984 carmina
745 2931 838 2986 cautu

26 3179 138 3224 Latinum
168 3192 215 3222 non
243 3193 296 3223 esse
328 3181 454 3224 contendo.
511 3175 587 3225 1350.
614 3185 742 3238 parentur
767 3179 797 3223 C.
828 3177 890 3230 (nou
912 3177 952 3232 Ε.)
973 3179 1042 3223 Biia.
1062 3178 1091 3224 L.
1114 3180 1145 3223 fl.

30 3245 105 3296 1352.
126 3262 149 3293 r.
163 3249 275 3292 Schneid.
289 3248 342 3293 lud.
359 3250 456 3304 Seriptt.
473 3248 504 3294 R.
514 3249 545 3294 li.
556 3263 580 3305 p.
593 3245 639 3295 371
653 3254 677 3294 st
687 3246 746 3294 376.
766 3248 856 3292 cnsilio
874 3243 1012 3309 κανόνες,
1028 3241 1146 3309 ἀντίον,

27 3319 173 3362 liciatorium
192 3318 335 3376 volgatae,
350 3319 442 3375 liguum
459 3321 483 3362 iu
501 3333 547 3377 quo
566 3320 647 3363 licium
665 3315 813 3373 (Gesedirr)
831 3318 961 3361 involvitur
978 3319 1002 3361 in
1022 3320 1070 3362 tela
1087 3332 1145 3374 peu·

27 3388 83 3431 dola
101 3401 123 3431 s.
144 3388 236 3445 iugali,
264 3386 401 3431 insubulum
425 3389 450 3432 iu
474 3390 522 3432 tela
539 3389 610 3443 plana
628 3402 667 3442 ap.
692 3388 811 3430 Isidorum
832 3385 878 3440 19,
899 3384 941 3432 29.
961 3388 1052 3431 arundo
1074 3387 1146 3433 Ouid.

26 3457 87 3500 Mel.
99 3454 128 3509 6,
143 3454 186 3506 51,
206 3455 448 3515 rudiuaital.spolu,
465 3455 703 3517 Webersclre'ffchen.
718 3481 751 3490 -
764 3456 845 3512 scopi,
858 3457 918 3499 unde
929 3461 1038 3501 nostrum
1047 3455 1145 3519 Schast,

26 3527 91 3569 idem
103 3526 155 3571 fere
174 3528 237 3585 quod
255 3526 316 3580 apud
334 3529 396 3570 alios
409 3532 513 3585 pecten,
536 3524 710 3579 Weberlcds.‚
731 3538 753 3569 s.
772 3527 851 3580 potius
870 3537 898 3568 ea
916 3526 967 3569 eius
986 3539 1056 3581 pars,
1076 3541 1147 3586 quam
1244 3586 1248 3589 ι

26 3600 115 3638 vocant
129 3593 292 3639 Weberbiott.
331 3592 406 3640 1358.
427 3597 478 3652 ipsi
492 3595 577 3654 potius
596 3595 625 3639 L.
639 3596 669 3638 H.
689 3594 806 3649 Explica:
827 3593 973 3652 „Agricolae
991 3597 1069 3640 severi
1087 3597 1147 3641 vitio
1226 3614 1232 3624 ’

25 3668 166 3723 temerant,
186 3665 364 3719 exprobrarunt
381 3665 405 3708 id
424 3665 511 3710 ceteris
529 3664 606 3718 viris,
633 3665 672 3720 qui
691 3662 795 3707 lanificio
814 3664 942 3708 etiamtunc
961 3664 1044 3708 intenti
1063 3671 1146 3723 erant;

23 3746 71 3786 uec
89 3734 141 3777 siue
159 3730 304 3778 contumuit
323 3748 365 3778 eos
383 3735 555 3788 hortabantur,
576 3732 708 3778 lanificium·
722 3733 866 3777 mulieribus
885 3737 912 3776 ut
929 3734 1078 3780 committere
1098 3736 1146 3780 rel·

25 3804 78 3845 leut
95 3802 189 3860 ipsique
209 3803 300 3858 pariter
318 3804 452 3862 (peraeque
471 3809 541 3861 atque
560 3802 609 3856 illi,
630 3804 669 3859 qui
687 3803 824 3867 iamdudum
837 3815 896 3861 agro
909 3805 1010 3847 colendo
1023 3805 1147 3858 vacabant)
1205 3850 1207 3855 Α

24 3872 115 3915 durum
132 3872 178 3916 boc
196 3873 313 3916 rusticum
331 3886 391 3929 opos
409 3875 549 3929 suscipere;
570 3877 641 3931 utque
659 3872 702 3929 (an
721 3874 757 3916 sic
776 3873 822 3930 leg.
843 3885 887 3928 pro
905 3874 984 3918 altero
1002 3873 1106 3933 aequet)
1124 3875 1147 3918 in

24 3954 102 3995 opere
127 3943 188 3986 duro
215 3944 330 3986 durarent
352 3943 486 3987 rnernbra.”
543 3938 617 3986 1363.
640 3943 770 3999 pullorum
787 3940 920 4002 examino]
939 3943 1057 3988 Audacius
1075 3944 1148 3988 etiam

23 4009 113 4065 Eurip.
129 4011 217 4059 Bacch.
234 4008 292 4056 7⁰9.
311 4006 460 4074 γάλακτος
477 4005 590 4075 ἑσμούς
607 4012 680 4066 dmi,
710 4013 749 4057 ubl
768 4014 821 4057 Vldss
839 4012 956 4066 ΕῙῙΜῙΕΥ·
983 4030 986 4037 ’
1012 4009 1088 4057 137⁰·
1108 4012 1147 4054 ἱπ-

22 4075 117 4137 fraque
134 4093 210 4126 suum
227 4082 288 4125 Ver.
304 4082 366 4129 Ven.
382 4082 453 4127 bine:
473 4082 493 4126 ἑ.
512 4082 588 4126 situm
606 4082 650 4130 Av.
664 4082 711 4136 P.,
730 4084 794 4140 quod
808 4082 900 4138 recepit
911 4082 954 4129 W.
972 4081 1148 4124 Auctoritatem

23 4148 121 4205 codd,
147 4151 220 4195 etiam
241 4149 270 4195 C.
290 4151 320 4198 E.
338 4151 407 4195 Brix.
423 4151 452 4200 L.
471 4152 501 4195 fl.
516 4153 582 4208 sequi
598 4153 726 4196 maluimus
748 4165 819 4208 quam
839 4151 935 4195 Avancii
960 4151 1146 4194 correctionem.

25 4215 106 4338 13'772.
125 4219 252 4277 Aristopb.
265 4219 371 4269 Aebura.
388 4218 446 4267 998.
461 4220 546 4267 Elinsl.
567 4219 618 4270 καὶ
636 4221 702 4292 περὶ
718 4216 754 4270 τὸ
772 4219 882 4290 χωρίον
900 4212 979 4267 ἅπαν
997 4211 1023 4281 γ’
1041 4214 1149 4285 ἐλᾷδας

22 4300 84 4337 κυκ
102 4304 135 4357 ῳ.
953 4304 957 4312 ’
975 4304 978 4311 “
