2772 4750
200 196 205 206 ’
237 218 296 281 us

301 374 449 442 Cautavit
471 380 560 431 certo
581 365 700 428 rustica
723 362 822 424 verba
844 361 923 439 pede

214 485 280 545 ·Et
302 492 387 542 satur
411 472 513 537 sreuti
534 468 667 551 primum
691 476 738 526 est
760 465 938 528 modulatus
960 479 1060 523 avena

300 581 464 649 Carmen,
488 585 522 634 ut
548 580 679 633 ornatos
701 565 820 627 diceret
842 577 913 624 ante
934 564 1032 632 deos;

181 694 194 715 '
237 682 395 766 Agricola
418 689 450 738 et
469 674 564 736 minio
587 671 746 740 suffusus,
770 667 918 736 Bacche,
942 663 1067 725 rubenti

299 783 427 846 Primus
449 780 612 855 inexperta
635 770 726 832 duxit
744 769 784 829 ab
808 779 874 828 arte
900 768 1044 827 choros:

237 885 323 949 Huic
344 886 433 944 datus
455 901 471 939 a
494 878 591 958 pleno
614 869 820 935 memorabile
843 889 953 929 munus
976 865 1056 928 ovili
1122 880 1126 884 “

300 986 376 1048 Dux
397 978 524 1062 pecoris
547 975 672 1046 hircus3
695 972 831 1033 drexerat
853 969 960 1044 hircus
983 989 1075 1032 oves.

238 1090 326 1151 Rure
348 1105 428 1165 puer
451 1098 551 1143 verno
573 1077 709 1157 primum
731 1075 770 1134 de
793 1073 875 1133 flore
902 1090 1053 1133 eoronam

300 1185 392 1249 Fecit
414 1193 446 1244 et
467 1178 603 1262 antiquis
626 1175 780 1255 imposuit
801 1172 954 1234 Laribus.

238 1292 329 1353 Rure
353 1286 443 1347 eliam
467 1280 584 1342 teucris
605 1297 712 1347 curam
736 1274 915 1336 exhibitura
940 1271 1054 1353 puellis

301 1388 406 1452 Molle
430 1382 513 1468 gerit
535 1392 629 1462 tergo
651 1377 754 1439 lucida
780 1377 879 1437 vellus
902 1374 992 1446 ovis3

238 1481 323 1554 Hinc
345 1500 376 1550 ct
398 1485 552 1548 femineus
573 1483 668 1544 labor
690 1490 761 1541 est:
786 1478 858 1539 hinc
880 1496 976 1556 pensa
1000 1474 1173 1556 colusque,

302 1592 405 1652 Fusus
428 1599 459 1649 et
481 1584 629 1665 apposito
652 1580 768 1662 pollice
790 1590 898 1640 versat
921 1598 1019 1657 opus;

238 1697 347 1775 Atque
370 1691 471 1772 aliqua
494 1686 636 1746 assiduae
657 1680 777 1743 textrix
801 1682 931 1758 operata
957 1676 1131 1739 Minervae

303 1793 418 1857 Cantat
441 1800 472 1849 et
494 1785 648 1866 applauso
670 1781 731 1842 tela
754 1790 847 1842 sonat
868 1780 980 1840 latere.

239 1898 312 1976 lpse
333 1894 479 1972 interque
501 1905 618 1970 greges
639 1883 784 1964 interque
807 1891 946 1941 armenta
971 1878 1097 1959 Cupido

212 2060 216 2063 .
303 1998 406 2057 Natus
429 2003 460 2052 et
482 1986 648 2050 indomitas
672 1982 789 2045 dicitur.
811 1982 893 2042 inter
915 2001 1025 2063 equas.
1145 1978 1149 1984 ’

239 2098 309 2159 Illic
330 2096 459 2157 indocto
482 2089 618 2171 priuuun
641 2107 675 2147 se
698 2082 841 2146 exercuit
863 2103 963 2142 arcu:

302 2195 367 2258 Hei
389 2192 485 2265 mihi,
509 2210 602 2272 quam
625 2189 734 2248 doctas
757 2204 839 2244 nilne
861 2185 958 2244 habet
980 2182 1032 2244 ille
1057 2189 1186 2245 manus!
1318 2187 1357 2245 70

175 2368 179 2377 ἱ
239 2300 309 2359 Nec
331 2296 490 2376 pecudes,
515 2291 603 2351 velut
625 2299 714 2357 aute,
739 2284 834 2364 petit3
857 2284 964 2345 finisse
986 2283 1106 2363 puellas

304 2395 410 2457 Gestit
432 2405 463 2455 et
483 2393 616 2454 audaces
639 2385 856 2471 perdomuisse
881 2385 983 2447 viros.

240 2497 304 2560 Hic
325 2495 432 2557 iuveni
454 2491 588 2555 detraxit
611 2509 708 2569 opes,
735 2482 784 2548 nie
806 2486 910 2547 dicere
932 2485 1023 2547 iussit

303 2596 415 2661 Limen
437 2598 475 2656 ad
496 2593 596 2654 iratae
618 2592 718 2652 verba
741 2590 885 2668 pudenda
909 2607 1035 2649 senemr

239 2701 314 2761 Hoc
337 2701 414 2758 duce
437 2695 585 2755 custodes
607 2690 714 2753 furtim
738 2702 934 2772 transgressa
957 2689 1096 2752 iacentes

302 2802 356 2861 Ad
377 2798 521 2859 iuvenem
537 2791 684 2855 tenebris
707 2791 775 2854 sola
798 2791 901 2871 puella
926 2790 1011 2852 veuit

173 2900 178 2909 '
239 2905 282 2965 Et
305 2901 437 2980 pedibus
459 2906 637 2977 praetentat
659 2891 720 2954 iter
742 2913 892 2973 suspensa
915 2893 1050 2968 timore,

303 3001 462 3080 Explorat
484 3016 593 3058 caecas
615 2995 666 3057 cui
689 3012 794 3055 uranus
818 3006 888 3055 aute
912 2995 990 3055 vies.

293 3220 334 3264 57.
354 3234 367 3262 e
381 3218 530 3276 plenocod.
552 3215 575 3259 1.
599 3217 630 3259 V.
651 3216 677 3261 Β.
733 3211 1004 3259 {bracarensium
1022 3229 1077 3259 eum
1097 3215 1158 3260 Cdd.
1176 3216 1217 3270 L„
1241 3222 1308 3275 quod
1327 3222 1359 3264 in·

240 3291 314 3346 telligi
330 3289 420 3342 nequit.
459 3286 583 3341 Quomodo
605 3287 668 3329 euim
687 3297 757 3336 caper
776 3289 861 3341 augeat
879 3285 960 3326 ovium
975 3283 1119 3328 numerum?
1149 3285 1267 3331 duxerat
1285 3295 1326 3332 est
1349 3304 1360 3331 e

239 3358 301 3402 coui.
315 3355 414 3398 Mureti.
434 3354 498 3407 „der
513 3351 609 3395 Fie'lrrer
627 3349 696 3395 nied!
714 3347 777 3410 bloss
795 3351 840 3394 der
859 3351 963 3410 meges,
983 3351 1093 3396 scudem
1112 3353 1180 3396 circle
1199 3354 1247 3397 der
1267 3354 1359 3414 Selius·

239 3423 327 3467 heerde
347 3421 430 3466 seur-de
445 3422 500 3464 clem
517 3419 614 3463 Fuerer
632 3420 676 3464 des
689 3418 780 3463 Ultores
792 3419 931 3479 gegeben.''
950 3422 1043 3465 lacobs.
1079 3421 1144 3465 Dux
1160 3425 1287 3479 perot-iu
1308 3424 1360 3468 leir-

238 3491 403 3536 instinxerat
420 3489 674 3534 leireusoeeslleins.
695 3491 726 3532 V.
747 3488 811 3534 Oves
829 3494 908 3533 eutem
925 3487 1007 3532 hirtae
1020 3503 1066 3533 riou
1080 3496 1144 3534 suut.
1183 3490 1359 3538 llineNobbe:

237 3561 299 3606 Dux
314 3562 434 3618 peeorie;
451 3557 534 3603 dirius
552 3557 662 3602 duxerat
678 3556 765 3600 hireos
783 3571 853 3611 ores,
875 3571 935 3601 sono
952 3571 1026 3612 prope
1043 3561 1154 3603 ridiculo.
1193 3561 1287 3605 Melius
1302 3577 1360 3606 nou·

239 3635 292 3673 dum
306 3634 426 3685 repertum
441 3624 729 3674 cstMureticonicrturd.
751 3625 911 3681 &primum
923 3627 998 3672 Codd.
1012 3628 1069 3685 aliq.
1083 3630 1114 3674 V.
1146 3626 1188 3672 ol.
1203 3636 1361 3675 utss-eereet

240 3699 315 3742 Codd.
328 3695 349 3741 3.
358 3699 388 3741 V.
411 3696 451 3742 65.
463 3698 502 3741 Sic
513 3697 559 3740 Ed.
570 3698 629 3741 min.
646 3693 722 3739 1472.
733 3695 830 3741 Lachne.
844 3696 919 3738 Codd.
931 3697 1057 3748 permulti:
1072 3696 1175 3741 assidue
1186 3701 1295 3743 textrix
1305 3713 1360 3756 cpe-

237 3772 295 3810 rnla
309 3764 459 3809 Mineruam.
474 3767 566 3808 texeris
576 3765 636 3808 Cod.
652 3762 675 3807 1.
687 3787 720 3797 -
735 3764 813 3806 textis
826 3765 922 3806 Fruter.
937 3765 1000 3807 coni.
1015 3764 1076 3808 coa.
1094 3766 1116 3812 1.
1130 3767 1161 3809 Η.
1176 3770 1296 3826 elrnlgo.
1320 3766 1360 3813 66.

148 3838 153 3841 “
235 3835 334 3892 pectine
346 3837 396 3877 tela
407 3840 480 3878 sonat
489 3836 549 3879 God.
566 3833 588 3879 1,
599 3847 628 3877 ex
640 3832 834 3886 interpolatione,
846 3833 877 3875 V.
891 3833 921 3875 Β.
935 3854 966 3865 -
976 3834 1074 3887 pectine
1083 3834 1145 3877 luna
1155 3842 1232 3879 sonat
1242 3852 1309 3881 unns
1321 3852 1358 3890 ap.

237 3907 312 3950 Voss.
332 3905 359 3946 ed
380 3904 434 3949 Cat,
454 3917 478 3957 pe
502 3900 561 3947 219.
582 3904 648 3947 =Pro
673 3902 796 3958 ‹applouso
828 3901 893 3954 pauci
918 3902 1033 3957 appulso.
1082 3901 1181 3955 „Latos
1209 3905 1360 3965 intelligitur

237 3974 300 4016 telae
318 3973 407 4026 ipsius,
428 3986 487 4028 quae
503 3973 615 4025 applsuss
633 3969 723 4024 (pulsa)
740 3970 831 4022 pectine
856 3971 891 4012 vel
914 3972 982 4013 radio
1001 3971 1105 4014 sonitum
1124 3973 1191 4023 edit,
1211 3976 1277 4017 salis
1296 3977 1360 4019 cele·

236 4044 331 4085 braluua
346 4056 359 4083 a
378 4042 464 4094 poetis.
501 4039 604 4090 Proprie
622 4041 717 4092 quidem
736 4039 916 4089 raillencourt,
935 4039 1011 4082 dietus
1026 4044 1155 4094 propterea
1166 4040 1273 4108 κερκὶς
1293 4038 1361 4092 ἀοι.

236 4104 289 4167 δὸς
307 4109 337 4151 ab
355 4109 439 4168 Eurip.
459 4108 521 4160 apud
541 4105 664 4157 Aristoplu
684 4104 744 4146 Rau.
767 4102 842 4149 1316.
891 4108 923 4149 At
941 4109 1012 4150 etiam
1028 4110 1076 4152 tela
1094 4113 1163 4151 sonat
1184 4111 1249 4162 ipsa.
1272 4112 1360 4165 Eorip.

238 4177 290 4229 lph.
318 4177 392 4218 'raum
425 4172 484 4216 210.
516 4171 610 4228 ἱστοῖς
634 4166 665 4217 ἐν
694 4168 953 4236 καλλιφθόγγοιςΡ
980 4177 1084 4220 llusehk.
1150 4173 1192 4221 70.
1217 4177 1281 4224 Heu
1308 4184 1361 4225 Ate.

239 4241 279 4286 77.
295 4241 327 4286 Ee
338 4242 428 4300 digitis
440 4242 522 4282 Burin.
538 4240 591 4280 Sec.
606 4239 668 4280 roni.
690 4236 800 4283 ledum
812 4254 902 4286 monice
915 4246 946 4290 V.
962 4242 1003 4288 82.
1020 4241 1164 4302 precorlex
1177 4253 1242 4300 opu.
1259 4249 1361 4294 Gddffl.
