2736 4748
172 324 289 388 XXV.
341 323 396 385 M.
422 318 556 386 Valerii
575 318 768 385 Martialis.
813 321 870 397 (L.
895 320 925 386 1.
950 322 1016 401 ll.)

38 430 131 496 Casta
154 453 216 496 suo
239 430 377 515 gladium
402 452 499 513 quom
522 433 663 493 traderet
686 429 785 501 Arria
809 432 933 508 Paeto,

96 534 201 612 Quem
226 535 264 595 de
287 532 464 596 visceribus
486 542 629 611 traxerat
651 531 720 610 ipsa
744 531 831 594 suis:

39 635 154 717 Siqua
177 636 278 710 fides,
299 634 435 707 volnus,
460 636 548 716 quod
570 633 653 708 leci,
677 655 742 696 non
765 634 870 707 dolet,
894 632 1017 716 inquit,

97 739 163 799 Sed
185 738 273 820 qrtod
295 748 328 799 tu
350 735 469 811 facies,
487 728 557 798 ¹hoc
579 734 671 810 mihi,
696 736 813 809 Paete,
839 736 938 798 dolet.

287 859 425 921 XXVI.
461 848 640 920 Eiusdem.
664 855 721 934 (L.
746 855 778 917 7.
803 855 872 934 79.)
913 850 915 855 ¹

77 964 197 1030 Potavi
220 967 316 1028 modo
338 965 508 1028 consulare
530 967 651 1028 vinum.

39 1068 191 1145 Quaeris,
217 1089 310 1148 qnam
333 1077 425 1128 vetus
448 1079 542 1150 atque
564 1066 720 1135 liberale?

37 1170 113 1248 Ipso
135 1169 269 1231 consule
292 1168 470 1232 conditum:
497 1170 552 1230 sed
573 1168 661 1250 ipse,

39 1269 101 1347 Qui
123 1271 282 1352 ponebat,
307 1280 395 1346 erat,
420 1271 563 1345 Severe,
588 1271 732 1355 consul..

287 1391 440 1455 XXVII.
477 1389 655 1453 Eiusdem.
690 1392 746 1471 (L.
773 1391 803 1459 7,
827 1391 896 1469 93.)

37 1499 173 1574 Narnia,
199 1498 344 1561 sulfureo
368 1521 461 1580 qtram
486 1499 614 1583 gurgite
638 1502 786 1564 candidus
809 1504 908 1563 artinis

98 1600 244 1676 Circuit,
269 1599 399 1682 ancipiti
421 1602 477 1663 vix
500 1603 641 1664 adeunda
663 1602 760 1686 iuge,

37 1702 119 1781 Quid
141 1714 203 1763 tam
227 1686 322 1783 saepe
345 1724 447 1764 meum
471 1702 563 1765 nobis
586 1706 744 1766 abducere
768 1704 919 1784 Quintum

100 1805 149 1865 Te
170 1803 260 1865 iuvat
282 1815 312 1865 et
333 1804 416 1866 lenta
440 1802 608 1867 detinuisse
631 1804 745 1868 mora?

39 1904 121 1984 Quid
143 1905 336 1968 Nomentani
358 1926 483 1968 causam
507 1906 582 1968 mihi
603 1905 710 1987 perdis
728 1902 846 1989 agelli,
941 1900 944 1909 ’

98 2008 243 2087 Propter
264 2006 400 2070 vicinum
424 2007 478 2091 qui
499 2008 663 2090 pretiosus
685 2007 776 2070 erat?

37 2108 100 2170 Sed
120 2108 182 2169 iam
204 2129 301 2188 parce
324 2108 398 2170 mihi
421 2131 481 2171 nec
503 2112 656 2185 abutere,
681 2108 821 2187 Narnia,
846 2109 984 2190 Quinto:

97 2212 264 2293 Perpetuo
285 2210 384 2273 liceat
407 2210 453 2272 sie
475 2210 532 2274 tibi
553 2225 652 2293 ponte
676 2211 752 2274 lrui.

280 2330 452 2396 XXVIII.
489 2333 668 2396 Eiusdem.
702 2333 759 2411 (L.
785 2334 816 2396 t.
842 2333 911 2409 88.)

36 2440 183 2515 Alcime,
207 2461 300 2524 quem
322 2452 447 2521 raptum
471 2442 599 2504 domino
622 2442 839 2505 crescentibus
863 2443 951 2506 amus

95 2542 259 2604 Labicana
282 2543 344 2603 levi
366 2542 504 2622 caespite
526 2544 611 2607 velat
632 2545 765 2607 hermus:

33 2645 157 2725 Accipe
179 2665 244 2707 nou
266 2642 388 2706 Phario
412 2642 553 2706 distantia
577 2648 720 2725 pondera
745 2667 845 2724 saxo,

96 2746 189 2822 Quae
211 2743 312 2808 cineri
335 2767 435 2809 santis
458 2749 510 2807 dat
533 2748 653 2807 ruitura
676 2747 793 2819 labor;

34 2846 97 2908 Sed
119 2845 252 2929 fragiles
274 2839 381 2912 bttxos
405 2858 436 2909 et
459 2869 575 2928 opacas
596 2848 733 2929 palmitis
756 2853 885 2911 umbras

96 2947 255 3030 Quaeque
277 2948 381 3011 virent
402 2949 541 3012 lacrimis
562 2949 689 3012 roseida
713 2964 803 3031 prata
827 2950 918 3015 meis.

32 3046 175 3130 Accipe,
189 3070 274 3111 ‘care
295 3071 394 3131 puer,
420 3051 521 3114 nostri
543 3063 742 3115 monumenta
766 3053 907 3115 doloris:

95 3151 161 3212 Hic
184 3151 241 3213 tibi
261 3163 421 3233 perpetuo
443 3164 590 3233 tempore
613 3154 701 3216 vivet
724 3155 842 3215 honor.

33 3252 140 3332 Quom
165 3252 240 3314 mihi
262 3275 428 3334 supremos
451 3254 604 3317 Lachesis
627 3254 812 3335 pernoverit
835 3275 953 3331 annos,

94 3355 174 3418 Non
196 3354 289 3418 aliter
310 3355 434 3419 eineres
458 3359 575 3418 mando
597 3354 703 3418 iacere
726 3377 826 3419 meos.

292 3479 426 3543 XXIX.
462 3464 641 3540 Eiusdem.
675 3479 731 3555 (L.
755 3478 787 3539 2.
813 3476 881 3556 08.)

74 3587 227 3667 Quodte
249 3586 376 3651 nomine
398 3571 461 3649 iam
483 3583 539 3650 tuo
562 3588 683 3661 saluto,

31 3690 136 3767 Quem
159 3710 270 3772 regem
293 3701 325 3752 et
347 3689 507 3753 dominnm
529 3690 619 3771 prius
643 3692 820 3764 vocabam,

30 3792 82 3853 Ne
104 3814 156 3854 me
179 3791 298 3854 dixeris
321 3813 391 3855 esse
413 3803 630 3855 contumacem
645 3813 667 3852 :-

30 3894 128 3955 Totis
152 3893 234 3974 pilea
258 3892 392 3957 sarcinis
413 3893 548 3958 redemi.

30 3995 143 4076 Reges
168 4006 200 4056 et
222 3994 369 4061 dominos
391 3998 509 4060 habere
532 4000 643 4071 debet,

31 4096 98 4173 Qui
120 4118 155 4158 se
178 4118 242 4159 non
266 4100 362 4162 hahet
384 4112 478 4182 atque
501 4097 718 4180 concupiscit,

30 4198 131 4275 Quod
154 4218 248 4281 reges
271 4199 453 4284 dominique
476 4202 716 4295 concupiscunt.

1083 166 1145 228 267
