2772 4750
220 209 260 270 30

284 367 353 428 Iam
376 359 492 425 validis
515 357 635 443 saeptei
656 356 815 440 degebant
830 352 974 418 turribus
990 373 1104 418 aevom

221 470 265 531 Et
285 465 388 530 divisa
411 462 579 528 colebatur
602 460 803 544 discretaque
825 457 932 521 tellus.

285 573 369 633 Tum
391 586 478 629 mare
498 562 650 628 velivolis
671 562 811 626 florebat
831 571 970 644 propter
993 562 1132 624 odores:

222 670 364 736 Auxilia·
378 691 416 733 ao
434 665 543 733 socios
559 664 622 729 iam
644 675 742 747 pacto
761 664 894 729 foedere
917 665 1098 726 habebant:

225 771 432 840 Carminibus
453 788 623 856 quom-res
642 778 747 852 gestas
769 786 907 849 coepere
927 768 1045 850 politae

223 879 386 950 Tradere3
410 894 470 937 nec
489 871 591 936 multo
615 881 687 934 suut
709 879 781 932 ante
800 868 955 932 elementa
974 880 1116 952 reperta.

223 983 423 1061 Propterea,
443 974 522 1062 quid
543 972 584 1038 sit
605 971 698 1056 prius
721 982 845 1046 actum,
867 970 1030 1054 respicere
1048 983 1134 1036 aetas

223 1084 346 1146 Nostra
363 1077 492 1165 nequit,
514 1076 579 1141 nisi
600 1096 664 1161 qua
685 1073 770 1139 ratio
793 1071 932 1158 vestigia
954 1085 1123 1138 monstrat.

287 1181 430 1267 Navigia
452 1191 546 1265 atque
568 1177 641 1262 agri
662 1177 820 1250 culturas,
843 1174 988 1252 moenia,
1011 1177 1116 1261 leges,

224 1289 345 1361 Arum,
368 1284 456 1360 vias,
479 1280 596 1346 vesteis
616 1290 647 1344 et
670 1289 778 1343 cetera
797 1280 836 1342 de
855 1300 972 1363 genere
996 1280 1132 1354 horum,

224 1386 391 1462 Praemia,
416 1382 547 1449 delicias
569 1401 699 1469 quoque
722 1379 807 1444 vitae
830 1379 973 1444 funditus
995 1381 1134 1459 omneis,

225 1489 395 1563 Carmina,
417 1486 560 1569 picturas
577 1506 616 1548 ac
637 1482 767 1548 daedala
789 1481 882 1566 signa
903 1482 1026 1565 politos

225 1594 310 1658 Usus
332 1602 365 1654 et
384 1588 543 1673 impigrae
567 1586 661 1651 simul
683 1583 883 1668 experientia
901 1584 1017 1648 mentis

228 1691 402 1758 Paullatim
424 1688 536 1755 docuit
559 1686 754 1772 pedetentim
776 1685 1049 1771 progredienteis.

293 1793 349 1859 Sic
372 1815 468 1857 unum
491 1789 648 1876 quidquid
669 1786 833 1871 paullatim
854 1787 1018 1871 protrahit
1041 1800 1127 1857 aetas

225 1901 266 1963 Iu
286 1896 421 1961 medium
440 1892 589 1979 ratioque
610 1892 643 1956 in
662 1889 789 1955 luminis
811 1889 897 1954 eruit
919 1911 1008 1955 ovas.

283 2058 358 2108 titt.
389 2058 453 2104 Tum
478 2072 548 2102 ancre
572 2057 683 2103 velivolis
702 2054 813 2119 florebat
833 2062 937 2115 propter
954 2055 1044 2102 odores
1062 2058 1122 2105 cdd.
1147 2072 1226 2113 paene
1252 2074 1352 2106 omues.

227 2134 300 2178 etiam
313 2131 343 2174 E.
365 2144 379 2172 a
397 2143 435 2185 pr.
453 2142 487 2175 m.
508 2127 553 2184 (C.
568 2131 663 2171 autem:
684 2124 750 2169 Tum
767 2139 838 2169 mcre
856 2127 971 2171 velivolos
984 2126 1095 2190 florebat
1107 2133 1218 2185 propter
1237 2127 1354 2186 odores.)

227 2203 263 2246 lta
281 2198 392 2245 velivolis
410 2198 515 2253 positum
533 2201 570 2241 est
587 2209 631 2251 pro
650 2194 770 2250 novibus,
798 2197 939 2242 succedente
958 2197 1076 2241 adiectivo
1095 2197 1119 2240 in
1139 2198 1222 2241 locum
1241 2198 1355 2243 substan·

227 2272 285 2324 tivi,
315 2274 339 2313 ut
363 2269 387 2311 in
410 2266 481 2310 Ennii
504 2263 654 2322 domiportc.
686 2263 791 2308 Navibus
809 2265 883 2324 igitur
901 2278 968 2310 mare
981 2264 1106 2328 florebat,
1132 2266 1357 2322 celebrabatur,a

154 2336 157 2345 ¹
227 2340 308 2383 uiuitis
323 2336 508 2392 percurrebatur
522 2339 628 2392 propter
639 2331 739 2387 odores,
758 2340 858 2391 propter
872 2340 990 2392 unguenta
1009 2334 1115 2392 aliasque
1128 2337 1253 2390 pretiosas
1268 2336 1357 2381 Orien-

228 2412 259 2453 tis
279 2418 382 2452 merces.
416 2406 456 2451 Sic
475 2404 555 2448 omnia
572 2408 638 2448 recte
657 2416 683 2446 se
702 2402 804 2459 babent,
835 2409 879 2458 „et
897 2404 1026 2449 Lucretius
1044 2406 1181 2460 exemplum
1199 2411 1305 2450 secutus
1324 2411 1358 2450 est

227 2478 299 2522 Ennii
317 2477 377 2520 baud
396 2474 470 2518 seruet
490 2485 561 2517 naves
580 2473 645 2527 ipsas
663 2472 781 2517 velivolas
800 2476 823 2517 et
841 2473 1000 2518 velivolantes
1019 2476 1194 2529 nuncupante.”
1227 2476 1357 2520 Haecine·

228 2548 290 2591 liora
309 2558 365 2588 saue
383 2543 443 2587 meis
462 2541 569 2597 pristinis
587 2555 624 2585 me
643 2542 724 2585 docuit
741 2541 898 2600 Forbigerus.
936 2544 1055 2588 Videlicet
1072 2544 1097 2587 in
1116 2545 1195 2599 prima
1213 2544 1264 2589 Ed.
1289 2558 1358 2600 prae-

228 2617 330 2660 tuleram
360 2614 415 2658 lect.
441 2611 487 2656 Cd.
515 2611 546 2655 E.
568 2624 583 2654 a
601 2622 652 2654 sev.
677 2624 758 2654 anano.
780 2612 853 2656 Vind.
877 2612 953 2657 Poor.
985 2627 1056 2670 quarn
1074 2614 1170 2670 quidem
1193 2615 1308 2658 Vossius
1330 2614 1357 2657 ad

228 2684 319 2728 Catuli.
338 2696 361 2738 p.
374 2679 417 2728 ll.
437 2680 582 2736 scripturam
600 2680 656 2723 dicit
674 2681 779 2724 omnium
798 2681 931 2726 librorum:
952 2680 1018 2725 Tum
1035 2696 1105 2726 mare
1124 2681 1259 2727 velivolum
1274 2682 1355 2746 flore-

228 2754 271 2797 bol
283 2757 389 2810 propter
407 2749 507 2795 odores.
537 2749 603 2794 linnc
622 2753 701 2793 autem
719 2750 777 2794 mibi
795 2763 937 2804 persuasum
961 2756 998 2796 est
1015 2751 1076 2796 banc
1094 2753 1149 2796 lect.
1169 2752 1201 2796 ab
1221 2754 1357 2807 interpola·

229 2830 282 2867 tore
305 2823 400 2866 ductam
424 2833 478 2865 esse
503 2831 533 2863 ex
556 2818 618 2863 Aen.
639 2816 669 2872 1,
693 2815 753 2862 224.
780 2817 933 2876 Respiciens
950 2833 1020 2864 move
1038 2821 1169 2866 velivolum
1187 2845 1223 2855 -
1243 2824 1357 2879 quodsi

142 2922 145 2925 ·
228 2891 349 2937 Macrobii
369 2890 419 2934 Sat.
435 2886 463 2947 ⁶,
478 2887 502 2936 5.
519 2899 634 2944 expresso
652 2887 789 2932 testimonio
808 2889 940 2943 desumpsit
951 2890 992 2934 ille
1007 2889 1107 2935 exilivii
1117 2891 1254 2935 Andronici
1267 2892 1357 2935 Helena

229 2961 327 3016 (muria
345 2956 403 3003 olba
421 2957 544 3009 velivolo).
576 2957 627 2999 iam
640 2969 712 3016 vero,
732 2971 804 3013 quum
822 2958 921 3002 Servius
942 2960 971 3002 ad
984 2959 1045 3003 Aen.
1060 2957 1090 3015 7,
1112 2955 1173 3003 804.
1191 2962 1356 3012 memoriter,

230 3036 255 3075 ut
273 3031 380 3083 videtur,
401 3028 426 3072 h.
445 3027 463 3071 l.
483 3027 519 3071 sic
532 3025 634 3070 afferatv
655 3024 818 3081 ,Lucretium
833 3026 942 3089 florebat
954 3028 1059 3073 navibus
1066 3033 1161 3086 pontus
1168 3059 1176 3083 ‚
1196 3029 1224 3073 iu
1238 3031 1358 3073 auxilium

231 3100 323 3144 vocatis
341 3099 415 3143 etiarn
428 3094 525 3153 pondis
540 3094 637 3139 carinis
650 3095 747 3152 Virgilii
761 3095 806 3140 Ge.
822 3093 851 3150 2,
868 3093 927 3142 its.
948 3096 1008 3141 itala
1026 3099 1068 3142 illa
1085 3097 1208 3142 correctio
1229 3104 1290 3143 nata
1309 3103 1358 3151 est,

183 3174 187 3182 ’
230 3184 290 3227 quae
308 3170 431 3223 comparet
448 3167 472 3209 in
493 3165 586 3209 Iuntina
606 3168 630 3208 et
648 3169 778 3223 propagata
796 3169 834 3209 est
847 3165 877 3209 ab
890 3165 966 3220 atto,
984 3165 1180 3211 irarum-liar.
1202 3166 1275 3211 Tum
1289 3180 1358 3211 murs

231 3238 360 3283 velivolum
374 3234 484 3299 florebat
501 3232 600 3278 novilu’
615 3231 718 3290 pondis.
746 3234 833 3293 Pinzg.
853 3236 954 3292 denique
973 3236 1084 3281 volebat:
1115 3234 1182 3280 Tum
1199 3250 1280 3280 more
1300 3236 1356 3281 veli·

229 3309 327 3352 volum:
340 3302 452 3368 florebat
467 3303 565 3349 novibu’
581 3308 673 3358 pontias
690 3308 785 3347 servata
802 3316 903 3358 prorsus
915 3305 1029 3348 Serviane
1043 3305 1163 3362 lectione;
1183 3306 1256 3350 cuius
1271 3306 1359 3351 iudicio

230 3391 276 3421 nou
295 3375 372 3433 magis
391 3374 504 3427 accedere
523 3384 621 3427 possum
639 3384 710 3428 quam
728 3372 887 3431 Perbigerus.
944 3370 1021 3418 itte,
1051 3387 1097 3417 nec
1120 3376 1199 3419 mullo
1219 3381 1287 3419 eunt
1306 3379 1358 3418 nats

232 3447 355 3489 elementa
374 3446 484 3499 reperto.
511 3441 551 3503 Sic
567 3441 664 3498 egregie
680 3440 769 3487 cac.
795 3443 846 3485 lam
863 3455 936 3499 quum
953 3448 1025 3497 unte,
1045 3443 1218 3497 utestinC.,
1239 3444 1360 3500 scriptum

230 3528 264 3558 nn
287 3526 341 3559 cum
365 3512 454 3555 lineola
478 3522 533 3553 casu
558 3509 686 3553 excidisset
711 3511 749 3554 vel
774 3512 847 3555 etiam
870 3512 925 3568 quia
943 3512 1083 3557 adverbium
1100 3525 1154 3556 cum
1172 3513 1361 3567 praepositione

230 3583 403 3630 confundentes
422 3584 479 3623 sale
498 3578 522 3622 la.
543 3578 560 3622 Ι.
580 3578 691 3621 vitiosum
709 3579 836 3634 putabant,
857 3582 965 3637 plerique
978 3582 1184 3635 scripseruutrvec
1196 3583 1285 3627 multo
1294 3580 1362 3640 pris’

229 3658 291 3698 eunt
308 3651 429 3695 elementa
447 3662 471 3692 r.
503 3648 577 3693 Recte
596 3648 692 3704 quidem
704 3649 733 3692 ad
746 3648 905 3706 sententiam3
925 3650 967 3693 sed
980 3652 1039 3694 satis
1051 3650 1153 3695 moleste
1167 3664 1245 3707 quum
1259 3656 1362 3707 propter

231 3723 316 3767 elisam
334 3722 358 3764 in
376 3717 554 3763 bocvocabulo
572 3718 668 3761 literam
686 3730 714 3771 s,
742 3723 793 3762 tum
817 3719 872 3776 quia
890 3720 914 3762 io
933 3730 957 3762 v.
977 3732 1029 3777 seq.
1049 3720 1155 3763 recurrit
1168 3720 1263 3777 prius.
1301 3721 1362 3764 Con·

230 3798 270 3836 tra
286 3786 336 3839 Aa
355 3802 401 3833 nes
418 3787 497 3831 mullo
512 3792 570 3845 post
587 3791 646 3830 eunt
663 3787 785 3832 elementa
802 3801 826 3833 r.
854 3788 985 3843 ,‚Rectius,
1006 3793 1030 3833 nt
1041 3788 1176 3833 arbitror.”
1187 3789 1271 3834 Wak.
1303 3792 1362 3834 Saue

230 3861 321 3906 rectius
340 3859 385 3903 boc
403 3861 456 3901 erat
473 3869 503 3901 ex
520 3857 609 3900 iudicio
626 3868 650 3899 r.
670 3870 693 3901 c.
713 3855 814 3911 Wolbi,
845 3858 885 3914 qui
909 3856 1043 3911 scripturae
1067 3862 1145 3901 artem
1164 3860 1228 3912 apud
1248 3859 1362 3904 Graecos

231 3932 337 3975 Homero
356 3927 517 3984 posteriorem
534 3925 646 3971 censebat
663 3939 707 3969 nec
718 3939 747 3970 ea
758 3927 784 3970 in
796 3941 823 3971 re
835 3925 974 3971 fallebatur.
1001 3929 1092 3971 Veram
1105 3927 1128 3970 id
1142 3940 1248 3981 prorsus
1264 3933 1362 3972 contra·

231 4002 295 4045 rium
312 4011 366 4043 esse
385 3996 489 4041 debebat
504 3995 612 4040 Lucretii
631 3995 754 4049 opinioni,
782 3997 822 4053 qui
846 4010 892 4041 nec
916 3996 1016 4040 iliadem
1039 4009 1116 4054 neque
1134 3995 1281 4050 odysseam
1302 4009 1363 4042 corn·

230 4070 286 4126 poni
305 4068 411 4124 potuisse
430 4066 482 4110 eine
501 4064 621 4109 scribendi
639 4068 691 4108 arte
710 4068 775 4108 certe
793 4066 937 4120 paulinante
949 4065 1082 4110 Homerum
1095 4067 1119 4109 iu
1133 4064 1271 4110 Graeciam
1287 4068 1362 4111 intro·

231 4143 325 4183 ductam
343 4138 449 4195 cogitare
469 4138 572 4190 poterat.
610 4129 686 4177 145⁰.
702 4133 805 4189 politos.
825 4134 892 4179 Hanc
911 4135 1037 4179 lectionem
1055 4136 1150 4179 restitui
1170 4145 1200 4179 ex
1218 4135 1273 4183 Ed.
1294 4122 1377 4180 Bria*

232 4211 292 4253 Ver.
303 4209 365 4251 Ven.
377 4205 430 4249 Gir.
446 4200 477 4257 3,
498 4199 557 4247 308.
577 4201 690 4259 quumvis
708 4199 824 4246 doctrina
839 4203 932 4260 politos
950 4203 1080 4251 constituit
1096 4205 1199 4261 pariter
1217 4203 1360 4263 quosdam.

233 4277 314 4331 „Usus
332 4276 406 4334 igitur
425 4279 449 4318 et
466 4272 613 4328 experientia
635 4271 769 4317 docuerunt
791 4272 899 4319 homines
923 4275 999 4320 semel
1013 4272 1109 4333 politos
1126 4275 1222 4332 navigia
1240 4275 1318 4320 cct.”
1336 4292 1364 4307 ·-
