2762 4762
198 200 262 265 35⁶

206 359 338 440 lucipe,
361 361 434 420 dum
457 356 569 419 salices
589 353 699 428 haedi,
721 355 795 414 dum
816 349 963 435 gramina
986 371 1104 412 vaccae

204 462 392 524 Detoudeut
412 458 572 540 viridique
592 477 710 538 greges
729 454 919 535 permittere
940 474 1056 532 campo
1184 502 1190 511 .

207 565 250 623 Et
273 582 329 623 ros
351 570 384 622 et
404 559 499 640 primi
519 560 630 620 suadet
651 555 817 618 clementia
838 555 931 616 solis.

205 665 278 726 tte.
322 664 396 724 Hos
416 680 517 721 anuos
536 678 712 738 unamque
733 678 855 729 meam,
879 655 956 716 milri
977 675 1068 729 care,
1091 666 1253 716 senectam

205 768 258 826 Tu
280 762 404 824 iuvenis
425 781 584 842 carrisque
603 760 673 820 deis
692 759 726 820 iu
746 759 886 821 carmina
908 757 1025 840 cogis?
1289 758 1331 816 to

204 864 356 926 Viximus
377 874 410 924 et
431 860 561 922 calamis
582 881 696 922 versus
717 859 917 921 cantavimus
936 859 1035 941 olim,

201 967 288 1029 Ilum
310 984 423 1027 scema
443 963 560 1024 hilares
581 974 668 1024 aetas
689 962 817 1022 ludebat
840 981 982 1022 amores.

202 1069 298 1127 Nune
318 1065 424 1127 album
446 1076 543 1145 caput
564 1074 598 1124 et
619 1082 753 1124 veneres
774 1073 909 1141 tepuere
929 1063 990 1121 snb
1013 1060 1120 1121 anuis:

202 1168 272 1229 lam
294 1187 362 1227 mea
384 1164 546 1227 ruricolae
566 1165 723 1244 dependet
743 1162 850 1224 fistula
872 1162 999 1223 Fauno.
1294 1234 1298 1235 γ

202 1271 253 1328 Te
274 1289 359 1328 nnnc
378 1287 456 1327 rura
474 1275 617 1327 sonant:
640 1284 744 1345 nuper
765 1284 836 1324 nam
857 1264 997 1324 carmine
1019 1262 1125 1323 rietur
1283 1265 1321 1324 15

203 1367 316 1429 Risisti
336 1369 476 1430 calamos
497 1378 530 1428 et
550 1367 679 1428 dissona
700 1365 828 1427 flamina
850 1364 984 1443 Mopsi,
1090 1430 1095 1436 ,
1284 1353 1288 1356 ’

200 1468 313 1530 Iudice
335 1490 399 1530 me.
442 1469 575 1530 Mecum
595 1467 706 1530 senior
727 1467 914 1541 Meliboeus
936 1475 1107 1544 utrumque

201 1570 361 1631 Audierat
380 1570 552 1649 laudesque
572 1580 644 1630 tuas
658 1566 801 1630 sublime
819 1567 965 1637 ferebam

202 1670 305 1747 Quem
327 1691 412 1731 nune
433 1670 582 1732 emeritae
602 1690 802 1750 permensum
824 1681 972 1748 tempora
993 1667 1078 1728 ritae

201 1772 325 1832 Secreti
346 1791 422 1852 pars
443 1769 534 1832 orbis
554 1773 651 1832 babet
671 1774 870 1852 mundusque
891 1770 1037 1849 piorum.
1284 1769 1326 1828 9⁰

202 1871 311 1948 Quare
332 1892 409 1954 age,
433 1871 460 1934 si
481 1893 544 1955 qna
565 1871 625 1934 tibi
646 1872 805 1934 Meliboei
826 1872 934 1954 gratia
956 1870 1056 1942 vivit,
1123 1910 1128 1915 -
1154 1920 1157 1924 .
1283 1858 1288 1861 ’

199 1971 296 2033 Dicat
316 1974 495 2035 honoratus
516 1973 696 2054 praedulcis
718 1966 797 2033 libia
818 1993 939 2036 manes.
1137 1982 1141 1989 '

199 2073 294 2136 Tim.
333 2074 378 2136 Et
398 2095 514 2154 parere
536 2077 628 2136 decet
646 2074 739 2136 iussis
760 2085 793 2135 et
813 2085 905 2157 grata
922 2073 1097 2135 iubentur:

199 2175 347 2257 Namque
367 2173 429 2236 fuit
445 2174 567 2257 diguus
587 2175 712 2249 senior,
736 2195 830 2257 quem
851 2175 992 2236 carmine
1013 2176 1188 2245 Phoebus,

200 2274 270 2334 Pan
291 2273 420 2335 calamis
441 2275 621 2356 fidibusque
641 2275 761 2352 Linus,
786 2276 1001 2337 modulatibus
1022 2277 1176 2354 Orpheus
1282 2274 1324 2335 25

200 2373 418 2437 Concinereut
439 2388 537 2458 atque
558 2389 628 2438 aeta
648 2375 712 2438 viri
732 2377 906 2460 laudesque
926 2387 1091 2439 sonarent.

201 2476 266 2536 Sed
287 2474 361 2556 quia
382 2487 418 2537 tn
437 2488 569 2538 nostrae
591 2478 721 2538 Musam
743 2477 893 2557 deposcis
915 2498 1052 2550 arenae,

197 2575 341 2655 Accipe,
365 2596 447 2658 quae
468 2598 565 2657 super
586 2579 650 2639 hoe
671 2598 818 2654 cerasus,
848 2596 948 2662 quant
977 2578 1081 2640 cernis
1111 2580 1152 2638 ad
1175 2598 1321 2646 amnem,

198 2674 371 2751 Continet,
394 2675 496 2739 inciso
517 2698 650 2739 servans
672 2699 740 2740 mea
762 2678 903 2741 carmina
926 2678 1026 2741 libro.

197 2777 271 2839 Tit.
314 2777 395 2854 Dic,
418 2797 499 2861 age3
521 2782 579 2841 sed
599 2779 693 2843 uobis
714 2801 756 2843 ne
777 2792 877 2844 vente
900 2783 1029 2864 garrula
1052 2778 1144 2860 pinus
1278 2780 1322 2840 30
1351 2824 1354 2828 -

196 2879 393 2959 obstrepat,
417 2882 475 2941 has
496 2881 600 2944 ulmos
623 2881 730 2961 potins
751 2881 913 2964 legesque
934 2893 1090 2961 petamus.
1115 2915 1156 2927 -

195 2981 289 3043 Τίιιι.
332 2982 397 3042 Hie
417 2993 547 3043 eantare
569 2983 671 3044 libet:
696 2981 814 3044 virides
835 3004 906 3043 uam
929 2983 1056 3044 subiicit
1078 2982 1197 3042 herbas

195 3081 311 3143 Mollis
333 3104 413 3165 ager
433 3083 560 3165 lateque
582 3094 666 3147 tacet
688 3104 798 3145 nemus
820 3105 933 3156 omne,
956 3083 1077 3165 quieti,

193 3182 334 3262 Aspice,
359 3193 394 3242 ut
415 3189 510 3247 ecce!
534 3186 648 3265 procul
671 3187 847 3264 decerpant
868 3186 1012 3267 gramina
1035 3183 1133 3249 tauri.

236 3282 449 3364 Omnipareus
470 3287 595 3347 Aether
617 3297 667 3360 et,
692 3307 800 3349 rernm
820 3306 933 3360 eausa,
955 3284 1141 3366 Liquores,
1278 3288 1322 3349 35

192 3381 354 3463 Corporis
374 3394 407 3446 et
428 3384 594 3468 genetrix,
619 3387 750 3462 Tellus,
773 3385 880 3449 vitalis
901 3398 934 3447 et
957 3386 1050 3460 Aer,

191 3484 338 3565 Accipite
359 3487 421 3549 hns
443 3488 582 3549 calamos
606 3499 701 3570 atque
723 3488 802 3549 haec
824 3498 938 3550 nostro
961 3486 1130 3550 Meliboee

192 3584 329 3664 Mittite,
352 3587 379 3648 si
401 3588 517 3652 sentire
539 3591 633 3651 datur
654 3589 817 3670 postlata
839 3589 969 3672 qnietis.

190 3686 271 3745 Nam
294 3686 321 3747 si
342 3689 491 3752 sublimes
514 3690 636 3752 animae
658 3688 805 3752 caelestia
827 3690 947 3770 templa

188 3785 396 3869 sidereasque
418 3792 528 3853 colunt
548 3795 640 3854 sedes
663 3793 844 3873 mundoque
865 3791 1039 3864 fruuntur,
1274 3795 1319 3854 40

187 3888 238 3947 Tu
262 3901 392 3950 nostros
414 3893 545 3953 adverte
568 3896 698 3966 modos,
722 3913 805 3975 quos
826 3891 895 3972 ipse
919 3893 1061 3974 benigno

186 3988 328 4050 Pectore
349 3988 481 4066 fovisti,
506 4012 587 4072 qnos
609 4002 664 4067 tn,
688 3993 873 4068 Meliboee,
897 3992 1055 4072 probasti.

187 4091 303 4170 Longa
326 4090 384 4152 tibi
405 4090 590 4171 cunctisque
612 4093 666 4156 diu
687 4104 831 4172 spectata
853 4103 998 4155 senectus

145 4218 149 4223 ·
184 4188 372 4268 Felicesqne
395 4189 467 4250 anni
490 4190 654 4270 nostrique
675 4192 870 4269 novissimus
891 4193 965 4258 aevi
