2736 4748
5 392 6 395 ’
48 452 55 459 ⁸
118 372 203 437 Vitis
226 392 335 436 amans
356 369 472 435 fundat
492 367 621 433 brachia
644 368 728 432 lenta
752 388 863 451 super.

60 476 145 540 Haec
166 474 280 536 merita
303 484 351 536 est
372 473 508 536 sacrmda
531 471 592 535 viri
614 470 785 552 sapientia,
809 473 902 536 mella

119 577 210 658 Quae
232 575 382 640 redolens
405 574 522 638 Musas
544 573 666 637 miscuit
688 586 720 636 et
741 575 898 638 Veneres.

591 758 645 821 46.

59 879 133 943 Flos
156 888 285 953 vatum,
309 876 509 959 Sophocles,
532 877 718 940 canentibus
740 875 858 942 occidis
880 876 993 954 annis,

115 982 202 1046 Dum
224 978 356 1064 stringit
376 978 488 1043 fauces
510 999 573 1042 uva
595 991 735 1043 comesta
756 990 841 1048 tuas.

588 1163 643 1226 47.

58 1282 162 1369 Oqui
184 1280 314 1349 Pieriae
338 1279 503 1357 thalamis,
527 1280 703 1363 Euripida,
725 1282 817 1346 vallis

115 1389 193 1451 Non
215 1395 375 1447 cessatura
399 1394 493 1448 nocte
515 1383 671 1466 quiescis,
695 1405 767 1447 ave.

57 1489 129 1551 Hoc
150 1490 211 1563 suh
233 1489 330 1550 hruuo
354 1497 384 1548 te
407 1485 490 1548 scire
512 1484 625 1562 velim,
650 1485 707 1548 tibi
728 1507 865 1567 surgere
887 1486 994 1550 laudes

114 1591 314 1672 Perpetuus,
338 1598 472 1671 quantas
493 1606 625 1669 magnus
648 1587 810 1651 Homerus
831 1590 939 1653 hahet.

590 1772 643 1835 48.

55 1893 173 1957 Fleoda
196 1890 324 1976 quidem
346 1891 477 1954 multum
500 1901 552 1953 tua
575 1912 681 1964 mors,
706 1890 881 1972 Euripida,
906 1893 993 1974 quod
1014 1901 1046 1954 te

115 1997 198 2057 Esse
221 1995 316 2075 lupos
338 1991 425 2055 soliti
446 1993 627 2054 dissecuere
650 2014 763 2067 canes,
807 2032 811 2037 -

54 2095 239 2158 Lusciniam
261 2114 411 2169 scaenae,
436 2114 584 2176 magnum
608 2096 702 2157 decus
724 2093 923 2170 Erechthei,

116 2197 179 2276 Qui
202 2195 348 2276 sophiam
372 2196 527 2278 Tragicas
550 2194 659 2257 adiicis
682 2198 720 2257 ad
742 2197 902 2256 Veneres.

54 2299 99 2362 At
120 2298 275 2360 tuuurlum
298 2297 357 2380 tihi
379 2298 471 2361 Pella
491 2297 599 2369 dedit,
624 2297 793 2379 cultorque
817 2296 936 2359 fidelis·
1152 2298 1172 2360 5

113 2399 279 2464 Pieridum
301 2400 418 2462 coleris
440 2418 524 2461 nunc
545 2419 649 2481 prope
672 2397 830 2462 Pieridas.

589 2582 643 2645 49.

51 2704 187 2768 Graecia
211 2714 328 2787 qtranta
350 2696 457 2785 patet,
482 2713 716 2766 monumentum
740 2701 924 2783 Euripidis:
953 2721 1027 2767 ossa

114 2809 220 2868 Terra
243 2806 323 2888 tegit
346 2807 527 2879 Macethm,
552 2816 638 2866 terra
661 2825 807 2885 suprema
834 2805 916 2866 viro.

49 2908 162 2972 Patria
187 2929 277 2992 quae·
291 2907 426 2969 Graecis
449 2905 550 2987 patria
574 2915 622 2967 est
643 2905 842 2979 communis,
866 2907 1033 2970 Athenae:

112 3010 213 3073 Musa
235 3007 301 3073 eius
323 3006 460 3090 placuit;
485 3006 552 3068 laus
574 3005 641 3069 sine
668 3006 729 3070 line
752 3017 869 3068 nranet.
979 3016 984 3022 ’

589 3192 643 3255 50.

47 3315 125 3379 Nou
150 3321 353 3376 monumenta
375 3322 428 3374 tua
450 3310 546 3406 haec,
571 3309 746 3393 Euripide,
770 3321 805 3374 tu
828 3309 929 3395 magis
951 3310 1049 3395 ipsis:
1071 3330 1073 3335 ’
1165 3353 1168 3363 ,

112 3416 260 3499 Namque
282 3434 301 3478 a
323 3426 354 3476 te
377 3413 499 3478 tumulo
521 3411 657 3477 maxima
678 3412 764 3479 lama
788 3413 885 3479 venit.
982 3440 985 3457 i

45 3722 126 3786 Non
150 3719 263 3784 mortis
286 3718 345 3783 tihi
367 3738 461 3783 causa
484 3741 597 3796 canes,
620 3718 794 3802 Euripida,
819 3720 876 3782 sed
899 3738 959 3781 nec

112 3822 300 3898 Femineas,
325 3814 488 3885 Venerem
510 3823 584 3884 dum
607 3821 692 3904 fugis
715 3823 803 3902 ipse,
827 3819 938 3884 furor.
1007 3826 1026 3839 ”“

48 3923 210 4001 Subduxit
233 3923 322 3986 senio
345 3935 377 3987 te
399 3944 506 3987 mors:
531 3925 692 3987 Arethusa
717 3910 921 4005 sepulchrum

111 4025 290 4089 Praebuit:
313 4010 456 4088 irmuensi
477 4026 599 4088 lecerat
621 4025 816 4091 Archeleos.
839 4009 843 4039 ³

45 4127 120 4192 Nec
142 4136 215 4187 tuns
236 4125 449 4189 hic'tumulus
471 4148 520 4188 me
543 4126 665 4201 iudice,
689 4129 745 4189 sed
766 4146 857 4189 sacra
880 4126 1012 4190 Baccho
1153 4125 1174 4189 5

112 4226 225 4292 Vestis
248 4238 280 4290 et
300 4226 333 4290 in
354 4247 470 4290 scaena
492 4237 616 4311 tempus
637 4226 672 4289 in
694 4248 787 4292 omne
810 4226 918 4311 lavor.
974 4238 992 4309 j
1027 4232 1032 4241 ’
