2750 4744
1090 215 1155 277 211

35 375 170 442 Caecum
194 378 310 440 volnus
331 376 449 448 habes3
472 377 529 438 sed
550 375 617 438 lato
638 374 762 437 balteus
785 395 865 462 auro

34 477 212 563 Praetegit.
237 509 279 520 —
302 479 346 542 Ut
369 476 490 553 mavis,
516 477 555 540 da
578 479 677 539 verba
699 487 731 539 et
753 476 863 559 decipe
885 497 1025 554 nervos,
1114 477 1154 538 15

36 582 67 646 Si
86 593 194 664 potes.
219 611 260 622 -
282 579 486 664 „Egregium
510 600 609 663 quom
632 599 681 642 me
703 579 818 643 vicinia
840 580 941 656 dicat,

35 686 106 748 Non
129 681 310 747 credam?”
333 714 374 725 -
397 682 481 746 Viso
504 682 530 745 si
552 682 673 764 palles,
696 682 863 764 improbe,
892 703 1039 757 nummo;

36 788 67 850 Si
88 786 186 863 sacis,
210 785 242 848 in
265 806 376 867 penem
401 784 635 869 quidquidtibi
658 786 745 848 venit
768 807 926 861 amarum,

35 889 68 951 Si
88 890 197 971 puteal
220 889 316 952 multa
338 900 448 951 cautus
473 888 577 951 vibice
599 889 762 972 flagellas,

36 992 257 1076 Nequidquam
280 991 406 1072 populo
428 990 552 1053 bibulas
576 991 745 1055 donaveris
768 1013 873 1054 aures.
900 1016 903 1022 ·

37 1096 182 1175 Respue,
208 1096 295 1176 quod
317 1114 382 1157 non
404 1114 457 1157 es:
482 1095 575 1156 tollat
596 1116 651 1156 sua
676 1116 805 1158 mernere
828 1098 950 1169 cerd03

37 1198 153 1259 Tecum
177 1197 307 1259 habitat
333 1195 439 1271 noris,
464 1218 557 1279 quam
581 1195 621 1259 sit
643 1196 700 1260 tibi
722 1209 812 1259 curta
835 1198 993 1278 supellex.

392 1355 568 1420 sualua
598 1356 794 1437 cuturn.

75 1477 213 1539 Vatibus
236 1475 288 1538 bic
310 1499 378 1539 mos
401 1489 467 1553 est,
493 1488 620 1540 centum
644 1476 705 1539 sibi
726 1498 863 1559 poscere
888 1498 1002 1553 voces,

38 1577 170 1643 Centum
195 1599 252 1642 ora
276 1589 308 1641 et
329 1579 453 1663 linguas
477 1591 591 1660 optare
613 1577 644 1641 in
668 1579 807 1664 carmina
830 1592 977 1644 centum:

37 1682 155 1744 Fabula
179 1703 235 1744 seu
258 1692 380 1745 maesto
403 1693 544 1761 ponatur
565 1680 678 1744 hianda
702 1685 879 1766 tragoedo,
918 1683 921 1691 '

38 1784 183 1848 Volnera
204 1805 260 1847 seu
282 1784 394 1846 Parthi
417 1783 562 1846 diruentis
584 1788 623 1847 ab
646 1784 775 1867 inguine
796 1786 931 1849 ferrum.
956 1817 997 1828 —

39 1886 224 1964 „Quorsum
247 1884 350 1948 baec?
373 1896 427 1947 aut
448 1898 581 1968 quantas
603 1886 728 1949 robusti
751 1886 900 1949 carminis
923 1888 1004 1953 olias
1134 1891 1153 1950 5

38 1988 178 2071 Ingeris,
204 2000 237 2050 ut
259 2008 318 2070 par
340 1988 380 2049 sit
402 1998 536 2050 centeno
561 2000 691 2072 gutture
714 1987 796 2051 niti?

39 2092 164 2154 Grande
186 2089 326 2155 locuturi
348 2089 482 2152 nebulas
505 2091 665 2154 Helicone
687 2090 845 2174 legunto,

38 2192 71 2256 Si
92 2194 207 2278 quibus
228 2203 283 2255 aut
306 2193 453 2255 Procnes
475 2204 529 2254 aut
551 2192 577 2254 si
600 2194 714 2276 quibus
738 2194 802 2256 olla
827 2195 987 2273 Thyestae

37 2296 206 2372 Fervebit,
231 2316 327 2376 saepe
349 2294 470 2358 insulso
494 2297 657 2357 coenanda
680 2295 832 2374 Glyconi.

38 2401 87 2460 Tu
108 2419 214 2482 neque
235 2397 413 2474 anhelanti,
438 2398 587 2479 coquitur
609 2399 682 2459 dunt
706 2418 807 2460 massa
829 2396 975 2476 camino,
1115 2401 1155 2461 to

38 2500 128 2563 Folle
150 2500 270 2583 premis
296 2511 427 2563 ventos:
451 2520 511 2561 nec
533 2502 641 2563 clauso
664 2521 826 2563 murmure
847 2521 965 2564 raucus

38 2602 155 2665 Nescio
179 2602 254 2685 quid
277 2614 381 2665 tecum
404 2623 504 2686 grave
526 2600 701 2664 cornicaris
724 2601 855 2683 inepte,

38 2705 102 2768 Nec
124 2704 259 2787 stloppo
280 2705 414 2767 tumidas
437 2703 571 2768 intendis
593 2724 742 2784 rumpere
764 2705 894 2767 buccas.

102 2875 145 2923 11.
167 2896 201 2911 -
224 2874 337 2921 baltheus
356 2877 409 2921 RE.
464 2873 507 2931 li,
533 2896 568 2910 -
590 2875 703 2936 Protegit
723 2876 827 2923 Tvnut.
877 2873 919 2927 47.
940 2900 973 2912 -
991 2877 1029 2924 Ns
1053 2878 1155 2924 credam

38 2946 90 2991 unt.
136 2944 178 2992 t9.
203 2969 230 2978 -
250 2952 340 2991 cautus
358 2948 436 2991 multa
454 2946 574 2991 tusum.
624 2943 665 2991 to.
686 2970 719 2980 --
737 2943 901 3005 Nequaquam
918 2947 949 2990 V.
996 2947 1038 2994 51,
1059 2966 1088 2985 a.
1106 2962 1157 2994 non

37 3016 114 3060 ests.
153 3014 198 3061 52.
217 3013 318 3062 dubita:
336 3013 417 3074 noris]
437 3016 511 3061 Tus.
532 3036 566 3049 -
583 3012 668 3059 babitu
688 3021 715 3060 ut
729 3016 800 3059 noris
817 3015 916 3060 Vsum.

103 3086 224 3130 suTtttn
242 3088 272 3130 V.
311 3083 335 3130 1.
362 3105 395 3118 -
422 3084 469 3130 tiii
492 3086 523 3129 Τ.
571 3083 594 3130 6.
616 3108 649 3119 -
668 3099 691 3129 c.
714 3085 819 3145 gurgite
846 3084 875 3127 P.
895 3107 929 3117 -
947 3097 971 3127 c.
991 3085 1105 3128 carmine
1123 3083 1153 3130 Α.

41 3151 63 3199 7.
84 3166 115 3200 =
135 3154 304 3214 loquuturiE.
324 3153 350 3199 8.
370 3176 404 3191 -
417 3168 532 3215 prognes
556 3154 698 3199 tunsum.
721 3151 761 3199 ll.
782 3154 898 3196 -cluao
915 3154 944 3197 V.
966 3151 1002 3196 lb.
1019 3173 1049 3185 -·
1068 3155 1157 3198 raucis

40 3225 69 3267 V.
106 3222 149 3270 13.
170 3243 205 3259 υ·
221 3225 302 3281 etiope
322 3224 375 3269 RV.
396 3247 418 3257 -
441 3226 542 3283 seloppo
559 3224 590 3269 E.
604 3248 637 3258 -
650 3224 736 3279 sclopa
754 3222 806 3266 ΤΑ.
827 3245 859 3256 -
878 3221 973 3278 atropla
990 3222 1020 3267 F.
1040 3242 1072 3259 ··
1088 3224 1155 3269 aela-

35 3293 75 3349 plo
91 3294 120 3339 F.
141 3317 177 3329 —-
195 3291 296 3352 scirpia
311 3294 347 3338 M.
366 3314 402 3327 -
420 3285 508 3352 tropico
526 3295 551 3338 S.
589 3293 626 3339 lb.
647 3314 676 3328 -
694 3289 812 3336 intendas
827 3291 857 3336 tt.

38 3393 185 3409 Μ

104 3453 148 3500 tt.
170 3453 284 3515 Protegit
301 3468 326 3511 p.
347 3452 389 3500 52.
406 3451 507 3509 babitu,
526 3459 551 3499 ct
561 3455 632 3501 naria
644 3469 666 3499 r.
680 3454 772 3512 (sicque
783 3453 870 3499 Petrus
884 3453 1008 3499 Blesensis
1021 3451 1070 3513 Ep.
1083 3450 1158 3513 107.)

106 3524 235 3569 sarmit.
256 3525 287 3568 V.
328 3521 352 3568 7.
371 3524 499 3583 loquuturi
516 3526 546 3570 P.
1204 3526 1206 3531 ⁴

105 3662 149 3709 tt.
171 3661 276 3709 Caecum
293 3665 381 3711 uolnus
399 3663 487 3724 habea]
505 3668 540 3712 De
555 3665 729 3726 gladiatoribus
741 3669 857 3719 tractum,
877 3667 916 3722 qui
929 3671 1029 3721 accepto
1048 3652 1157 3723 volnere,

39 3733 146 3778 inaurato
164 3734 243 3778 balteo
261 3740 352 3792 tegunt.
398 3733 441 3781 tt.
466 3735 565 3795 Puteal]
582 3739 743 3782 Feneratores
761 3738 791 3779 ad
817 3737 895 3789 puteal
918 3735 1038 3779 Scribonii
1060 3736 1161 3781 Libonis

39 3804 81 3857 (sic
101 3804 172 3849 Reiz.
193 3824 223 3836 -
243 3803 375 3849 Scribonia
393 3803 489 3849 Licinii
508 3807 574 3855 I’itlr.
592 3806 649 3849 Ces.
695 3805 722 3848 ln
743 3817 797 3848 rar.
824 3806 905 3851 lectt:
938 3804 998 3857 „AL
1020 3806 1162 3861 Libonis.'')

40 3875 99 3929 qnod
117 3878 156 3918 est
174 3873 198 3916 in
218 3874 312 3928 porticu
335 3874 396 3918 latia
413 3876 443 3918 ad
458 3876 591 3920 Fabianum
608 3887 706 3928 aream,
726 3873 858 3918 consistere
877 3873 996 3919 solebant.

106 3942 226 3987 sn'ttun
243 3944 275 3986 V.
314 3940 338 3989 9.
359 3940 492 3989 coenando
513 3941 635 4004 Glyconi]
654 3943 746 3997 Glycon
767 3945 895 4001 tragoedus
912 3945 1000 3999 populo
1021 3945 1082 3988 mire
1108 3945 1159 3998 pla·

40 4012 97 4065 crit,
117 4012 209 4057 etidso
225 4025 240 4054 a
258 4011 354 4057 Nerone
370 4016 530 4059 manumissus
549 4019 601 4070 est,
622 4014 683 4057 datis
704 4012 810 4070 Virgilio
829 4014 953 4071 tragoedo,
973 4013 1069 4055 domino
1091 4012 1158 4063 ciue,

41 4091 82 4133 pre
99 4086 168 4136 parte
187 4081 284 4126 dimidia
294 4112 301 4136 ,
334 4095 404 4139 quam
421 4085 572 4138 possidebat,
599 4082 768 4127 sestertiorum
783 4084 897 4127 trecentis
915 4082 984 4135 („dl.
1005 4079 1162 4124 sexcentis.”

40 4148 250 4205 Pitb.)1nillibus.
299 4151 344 4195 llic
358 4152 404 4196 tuit
419 4157 526 4199 staturae
545 4156 648 4211 longae,
673 4152 734 4196 tusci
751 4154 878 4207 corporis,
908 4151 972 4194 labio
993 4147 1104 4191 interiori
1123 4150 1163 4192 de·

41 4219 129 4265 misso:
161 4225 289 4278 antequam
304 4221 493 4279 subornaretur,
522 4222 653 4269 deformis:
678 4220 880 4271 aecclesiarum,
909 4217 1088 4272 propterquod
1108 4228 1169 4259 eamr

42 4287 158 4336 insulsum
177 4290 279 4335 Persius
299 4290 368 4335 dixit.
1160 4306 1164 4311 ·
