2750 4744
1079 211 1141 274 209

19 372 53 433 ln
77 371 244 452 locuplete
267 391 369 452 penu,
395 368 534 432 defensis
557 368 727 453 pinguibus
750 368 901 445 Umbris,

19 474 61 536 Et
83 472 181 554 piper
204 484 236 534 et
257 491 394 554 pernae,
419 470 525 534 Marsi
548 481 749 534 monumenta
773 470 914 548 clientis,
1103 472 1141 532 75

19 576 207 658 Maenaque
229 576 318 658 quod
339 572 441 655 prima
465 575 603 636 nondum
626 571 778 636 deiecerit
801 594 891 638 orca.
914 608 956 619 -

19 678 81 738 Hic
106 676 221 758 aliquis
245 678 400 760 degente
423 673 551 738 hircosa
574 673 794 738 centurionum

19 777 138 840 Dicat:
162 778 283 859 „Quod
305 777 381 840 satis
404 788 469 852 est,
495 776 587 858 sapio
612 775 704 851 mihi;
721 797 792 840 non
815 798 879 861 ego
902 798 980 841 curo

19 881 101 943 Esse
125 883 213 964 quod
236 879 398 944 Arcesilas
421 879 665 962 aerumnosique
692 880 851 955 Solones,

19 983 163 1064 Obstipo
185 982 288 1063 capite
311 994 342 1045 et
363 981 501 1065 figentes
523 981 641 1044 lumine
662 994 800 1059 terram,

19 1086 191 1147 Murmura
215 1106 311 1168 quom
335 1105 442 1147 secum
465 1094 497 1145 et
518 1082 645 1147 rabiosa
668 1083 790 1146 silentia
813 1086 932 1147 rodunt

19 1188 129 1269 Atque
155 1197 352 1268 exporrecto
375 1184 567 1248 trutinantur
589 1188 688 1248 verba
710 1186 843 1261 labello,

19 1289 163 1371 Aegroti
186 1290 303 1351 veteris
327 1287 513 1350 meditantes
536 1287 675 1351 somnia:
699 1288 789 1372 gigni

19 1388 67 1451 De
91 1390 193 1453 nihilo
216 1390 311 1464 nihil,
334 1390 367 1449 in
390 1389 521 1450 nihilum
544 1386 589 1449 nil
611 1409 707 1469 posse
730 1391 864 1454 reverti.
1151 1450 1156 1453 .

19 1492 94 1555 Hoc
110 1503 178 1568 est,
197 1493 282 1574 quod
298 1489 420 1572 palles?
433 1511 490 1552 cur
503 1489 573 1573 quis
589 1511 653 1554 nou
665 1495 835 1572 prandeat,
850 1495 914 1556 hoc
928 1493 999 1557 est?
1010 1494 1028 1522 '’
1038 1530 1079 1542 —
1101 1495 1141 1558 85

19 1594 80 1658 His
102 1594 246 1676 populus
267 1593 351 1656 ridet
374 1592 571 1676 multumque
593 1605 706 1657 torosa
728 1594 875 1658 iuventus

19 1697 202 1780 ingeminat
224 1696 377 1761 tremulos
400 1715 478 1758 naso
502 1695 660 1777 crispante
683 1697 867 1761 cachinnos.
891 1729 933 1741 —

19 1798 193 1879 „Inspicet
219 1798 329 1869 nescio
353 1797 427 1882 quid
449 1797 586 1879 trepidat
608 1798 684 1861 mihi
704 1812 815 1880 pectus
838 1812 869 1862 et
892 1801 1001 1884 aegris

19 1900 182 1963 Faucibus
204 1911 376 1981 exsuperat
398 1899 507 1983 gravis
531 1900 666 1974 halitus3
691 1901 810 1982 inspice
832 1903 945 1964 sodesl
959 1902 977 1926 ''

20 2002 85 2080 Qui
107 2002 184 2064 dicit
206 2002 347 2077 medico,
371 2002 475 2065 iussus
496 2002 720 2086 requiescere,
745 2014 914 2086 postquam
1102 2007 1142 2068 90

19 2105 132 2166 Tertia
155 2103 350 2185 compositas
373 2105 450 2167 vidit
472 2126 538 2169 nox
560 2125 694 2167 currere
717 2125 831 2181 venas,

20 2204 68 2268 De
92 2208 214 2269 maiore
238 2208 333 2269 domo
358 2205 481 2270 modice
503 2206 627 2269 sitiente
648 2208 761 2290 lagena

19 2308 121 2389 Lenia
144 2309 253 2372 loturo
276 2307 337 2370 sibi
359 2308 546 2371 Surrentina
569 2309 710 2393 rogavit.

19 2411 111 2472 Heus
128 2412 228 2486 bone,
252 2422 287 2472 tu
302 2410 414 2491 palles.
440 2446 480 2457 -
502 2409 614 2483 „Nihil
630 2410 712 2473 est.'’
728 2446 770 2458 -
785 2413 905 2476 Videas
920 2426 1025 2480 tamen
1041 2414 1138 2491 istud,

20 2512 181 2596 Quicquid
204 2512 235 2574 id
257 2523 323 2586 est;
347 2513 452 2595 surgit
473 2511 568 2574 tacito
591 2510 648 2574 tibi
671 2512 756 2576 lutea
777 2516 882 2596 pellis.
906 2553 948 2563 —
1098 2518 1138 2581 95

20 2614 90 2685 „At
112 2626 148 2676 tu
172 2615 310 2677 deterius
332 2615 450 2697 palles:
473 2601 512 2676 ne
534 2613 577 2676 sis
601 2614 675 2677 mihi
697 2604 803 2691 tutor3

19 2716 210 2798 Iampridem
232 2719 318 2779 hunc
340 2716 458 2798 sepeli,
481 2729 516 2778 tu
538 2717 676 2779 restas.”
700 2750 740 2762 -
765 2719 891 2804 Perge,
916 2723 1042 2784 tacebo.
1067 2753 1107 2764 -

21 2819 184 2902 Turgidns
206 2818 257 2899 hic
279 2818 381 2901 epulis
404 2831 500 2903 atque
522 2819 595 2883 albo
619 2830 730 2882 ventre
754 2821 903 2899 lavatur,

21 2920 158 2984 Gutture
181 2922 338 2984 sullureas
359 2922 443 2985 lente
466 2922 633 2984 exhalante
655 2923 833 3004 mephites:

85 3138 129 3186 75.
153 3151 185 3184 =
200 3141 352 3185 monimento
364 3141 487 3186 RVEAM.
526 3139 568 3186 76.
587 3158 621 3174 -
639 3139 761 3200 Mersaque
779 3141 920 3185 Thasum.
940 3161 973 3175 -
991 3144 1037 3186 Vr.
1059 3141 1099 3190 75.
1115 3150 1139 3189 et

21 3206 56 3254 76.
77 3211 179 3255 invertit
198 3211 234 3254 Μ.
274 3208 316 3254 78.
337 3209 489 3271 (leodastis
511 3217 566 3265 ert,
587 3212 660 3267 sopio
683 3207 757 3268 mitt]
776 3210 865 3255 Omnes
879 3211 935 3254 mei.
959 3233 987 3243 -
1008 3211 1074 3270 quod
1097 3227 1138 3258 sa·

22 3281 68 3333 rio,
89 3280 158 3324 cutia
173 3277 286 3323 ectmiki
306 3280 363 3323 Alii.
385 3277 427 3324 80.
450 3302 478 3312 -
499 3277 639 3324 ostrinos.
659 3279 696 3322 lh.
718 3303 750 3322 -,-
763 3278 961 3342 copitefigentea
974 3280 1021 3325 RS.
1042 3280 1085 3326 81.
1105 3307 1139 3316 -

22 3361 86 3405 tuom
108 3349 133 3391 b.
156 3350 172 3392 Ι.
192 3348 263 3393 habet
278 3348 308 3392 Α.
320 3369 347 3383 «-
358 3362 415 3392 cum
432 3350 469 3392 vel
486 3363 561 3407 quum
574 3348 636 3393 Cett.
663 3348 700 3391 lh.
711 3367 744 3379 -
757 3348 856 3393 labiosa
868 3350 897 3393 P.
916 3347 962 3394 84.
983 3374 1016 3385 -
1031 3349 1139 3396 nihilum

22 3416 40 3460 in
60 3415 188 3461 nichilum
207 3419 239 3463 V.
295 3414 337 3462 85.
357 3437 391 3450 -
409 3432 455 3462 cur
471 3419 554 3475 polles
568 3417 599 3461 R.
655 3415 697 3461 86.
716 3438 753 3451 -
770 3416 823 3462 Hor
848 3419 876 3463 F.
903 3418 1014 3463 Norimb.
1033 3440 1067 3455 -
1086 3419 1139 3465 Hoc

22 3486 118 3544 l'oquel.
139 3487 162 3529 in
182 3491 304 3531 contextu.
357 3484 399 3531 89.
419 3484 567 3544 exsuperat]
586 3487 617 3531 T.
637 3511 670 3521 -
689 3486 812 3531 exuberat
831 3488 951 3532 VESAM.
971 3512 1005 3522 -
1023 3489 1141 3534 sxaub'ut

22 3555 42 3599 ll.
83 3552 128 3601 90.
149 3575 183 3590 -
202 3554 338 3615 (tuttueatt
357 3555 383 3599 S.
422 3553 463 3603 93.
482 3580 514 3590 -
532 3556 634 3600 lauturo
651 3558 683 3601 V.
712 3556 912 3617 lb.-rogorit]
932 3557 1139 3618 'lVE.—-roga-

23 3624 47 3668 tn
63 3625 96 3671 u.
120 3647 152 3657 -
172 3625 273 3683 rogarit
287 3625 341 3668 SM.
381 3621 422 3669 9¹l.
443 3649 475 3660 —
493 3625 635 3683 corpullsa
653 3625 682 3670 F.
722 3624 753 3671 95
784 3650 817 3661 —
835 3629 911 3672 tacite
929 3628 1014 3686 surgit
1026 3626 1072 3672 tibi
1085 3629 1137 3674 ΤΑ.

23 3690 55 3737 ll.
75 3712 118 3726 -·
135 3694 260 3749 sepeliri:
279 3698 363 3738 rectas
381 3694 411 3738 F.

23 3795 167 3808 ψ

84 3850 129 3900 75.
148 3854 301 3897 monimenta
318 3868 342 3909 p.
382 3853 423 3902 78.
444 3853 510 3914 quod
526 3856 614 3914 sopio,
634 3856 699 3899 rotis
718 3861 757 3900 aet
773 3853 836 3900 mitt
854 3870 878 3912 p.
923 3855 964 3903 dl.
985 3857 1091 3904 nihilum
1111 3862 1139 3904 in

23 3921 41 3966 Ρ.
80 3920 126 3967 89.
147 3922 272 3967 exuberat
287 3936 312 3978 p.
329 3923 484 3968 -exsudat
504 3920 693 3985 (Murmellius.)
711 3926 776 3969 uW.
815 3923 857 3971 92.
878 3925 951 3971 domu
966 3928 996 3977 P.
1037 3926 1077 3974 93.
1097 3942 1137 3972 ro-

23 3992 85 4049 {orit
102 4004 127 4045 p.

24 4092 169 4105 η-

85 4148 129 4197 89.
161 4149 255 4206 Sedes,
286 4153 396 4210 antiquas
416 4154 574 4198 affectationis
598 4147 648 4200 est':
669 4123 737 4200 ‘adeo
768 4161 793 4200 nt
816 4158 895 4200 soluto
924 4170 953 4201 so
978 4126 1076 4212 quidun
1101 4158 1137 4199 nsi

24 4223 73 4275 lut,
105 4226 131 4265 nt
147 4221 264 4273 Plautus,
295 4224 335 4279 qni
357 4235 401 4277 per
421 4224 566 4266 solutionem
588 4225 623 4267 sic
638 4225 687 4268 ait:
708 4226 772 4279 (Aul.
794 4221 828 4277 2,
851 4221 873 4266 1.
896 4220 952 4277 ⁴7.)
986 4222 1036 4266 nte
1054 4220 1135 4274 milri,

24 4292 37 4333 u*
53 4289 151 4344 nuder,
171 4304 233 4349 quas
252 4296 304 4345 est,
325 4304 399 4349 quom
417 4290 509 4336 ducere
527 4291 564 4335 ris
583 4292 711 4335 uxorem?
