2772 4750
251 212 312 276 158

317 370 471 449 Quaeque
493 364 551 427 tihi
573 359 703 443 excepi,
728 359 788 423 iam
813 362 869 422 den
894 361 1101 425 Leucothoe!

251 472 298 533 At
319 481 355 531 tu
379 467 432 530 vix
455 468 573 548 prinus
595 464 755 528 extollens
779 461 907 546 grugite
930 461 1050 543 palmus

313 571 417 651 Saepe
440 590 543 630 meum
566 587 681 629 noriren
703 565 763 626 iam
787 563 929 644 peritura
952 586 1063 627 vocas.

249 673 345 753 Quod
367 671 394 733 si
415 670 501 733 sorte
524 679 597 731 tuos
620 666 750 728 vidisset
774 666 916 729 Glaucus
939 667 1081 740 ocellos,

310 775 409 836 Esses
433 771 518 834 Ionii
541 770 624 832 faeta
648 770 754 850 puella
779 766 899 841 inuris,

247 878 291 938 Et
312 873 370 936 tibi
395 875 438 936 oh
461 870 608 933 invidiam
632 868 786 932 Nereides
809 868 1054 949 increpitarent,

314 974 452 1039 Candida
477 975 621 1043 Nesaee,
646 970 771 1032 caerula
794 968 991 1049 Cymothoe.

249 1079 312 1140 Sed
336 1077 392 1138 tibi
416 1073 558 1139 subsidio
581 1072 762 1152 delphinum
786 1090 918 1133 currere
940 1070 1026 1145 vidi,

284 1216 286 1221 ·
311 1177 402 1256 Qui,
427 1187 528 1257 puto,
555 1172 720 1236 Arioniam
744 1162 971 1235 vexerat'ante
992 1173 1112 1252 lyram:

246 1281 380 1360 Iamque
402 1298 465 1360 ego
489 1277 633 1339 conabar
655 1295 777 1337 summo
800 1295 849 1335 me
870 1273 996 1335 mittere
1016 1295 1117 1348 saxo,

312 1380 419 1458 Quom
443 1376 527 1440 mihi.
543 1375 689 1438 discussit
711 1375 782 1437 talia
807 1375 873 1437 visu
897 1385 1009 1439 ructus.

534 1565 633 1624 mm
656 1558 723 1624 111.
749 1562 843 1639 (w.)
866 1560 1044 1624 ueneni
1065 1559 1097 1623 1.
1133 1535 1139 1540 “

181 1686 185 1703 ’
249 1682 438 1747 Callimachi
460 1683 578 1745 Manes
601 1692 633 1742 et
655 1679 719 1743 Coi
740 1701 830 1741 sacra
854 1680 1016 1753 Philetae‚

313 1789 352 1850 ln
376 1796 535 1855 vestrum,
561 1803 701 1867 quaeso,
726 1803 775 1843 me
797 1779 891 1843 sinite
913 1780 961 1842 ire
984 1797 1106 1842 nemus.

250 1886 376 1948 Primus
400 1906 463 1967 ego
486 1884 652 1966 ingredior
674 1903 759 1964 puro
782 1881 930 1945 delente
953 1882 1104 1943 sacerdos

313 1988 392 2048 Itala
415 2008 475 2066 per
497 1987 614 2048 Graios
638 1985 729 2067 orgia
751 1983 839 2045 ferre
863 1983 995 2044 choros.

250 2087 374 2163 Dicite,
400 2109 465 2170 quo
488 2087 611 2168 pariter
633 2106 758 2147 curinen
782 2083 936 2145 tenuastis
958 2083 989 2143 iu
1013 2094 1136 2158 nntro‚.

313 2190 429 2267 Quove
452 2191 531 2268 pede
554 2186 713 2270 ingressi,
739 2206 874 2268 quamve
897 2183 1020 2245 bibistis
1043 2184 1183 2266 aquarn?

248 2288 301 2350 Ah
325 2286 447 2361 valent,
471 2289 639 2350 Phoebum
664 2286 841 2370 quicunque
863 2297 1006 2349 moratur
1029 2286 1060 2348 in
1082 2283 1196 2349 armis!

311 2391 454 2451 Exaetus
477 2389 564 2450 tenni
586 2387 710 2468 pumice
733 2408 844 2449 versus
867 2399 935 2462 eat,

257 2489 331 2569 Quo
356 2509 403 2550 me
426 2489 522 2551 Fama
544 2489 631 2550 levut
654 2499 739 2550 terra
763 2488 905 2551 sublimis
928 2498 999 2551 eta
1023 2510 1072 2552 me

304 2677 343 2725 ¹5.
373 2679 403 2722 ob
432 2677 553 2723 insidiam
580 2693 592 2723 e
623 2678 683 2722 cdd.
712 2679 760 2723 lac.
789 2677 837 2724 Le.
869 2700 897 2711 -
920 2694 985 2737 prce
1012 2678 1109 2723 invidie
1132 2679 1268 2738 Regiensis.
1285 2680 1340 2735 Valg.

254 2747 293 2794 17.
315 2772 346 2782 -
365 2745 506 2791 subsidium
525 2747 581 2793 Atii.

623 2860 678 2904 nn.
700 2861 744 2905 ui.
765 2862 832 2920 (iv.)
850 2862 946 2908 enno.
967 2863 987 2906 t.

303 2957 326 3001 1.
346 2955 447 3011 Scripta
465 2956 550 2999 Vulci.
570 2955 665 3001 Cuilim.
684 2956 723 3000 El.
743 2957 830 3015 fragm.
853 2972 876 3012 p.
898 2957 921 3002 1.
950 2959 1074 3013 aptissime
1101 2959 1193 3003 seilicet
1214 2958 1341 3013 oppositione

251 3025 364 3072 Munium
385 3031 409 3069 et
438 3025 606 3080 scriptorum!
635 3023 717 3068 Serre
739 3024 849 3070 Philetas
877 3030 956 3083 utique
981 3026 1119 3081 explicanda
1144 3040 1175 3071 ex
1195 3027 1297 3071 Martini.
1316 3021 1339 3074 l.

252 3095 293 3141 02.
330 3095 413 3139 Sacra
431 3119 440 3128 ·
459 3091 575 3137 Maronia
593 3094 611 3139 i.
638 3108 660 3138 e.
686 3107 726 3151 qrs
751 3096 888 3150 recondita,
909 3109 969 3152 quoe
993 3096 1017 3138 in
1041 3096 1094 3149 ipso
1113 3099 1183 3148 poeta
1206 3099 1264 3139 olim
1285 3095 1342 3137 luerat

249 3171 319 3223 atque
345 3165 479 3209 etiamnunc
508 3175 550 3216 per
579 3165 630 3205 eius
656 3150 908 3218 seriptffprodit.
952 3163 1054 3208 Diverso
1079 3165 1209 3218 paullulum
1232 3160 1340 3222 signidem

249 3234 320 3279 Ovid.
339 3246 374 3294 ex
392 3231 468 3275 Ponto
488 3227 516 3284 3,
538 3228 566 3282 1,
588 3228 630 3274 67.
674 3230 737 3274 Sunt
754 3230 816 3275 milti
834 3232 959 3276 nobiseum
976 3233 1119 3276 communie
1134 3246 1229 3286 secra,
1258 3231 1339 3289 peilam

250 3301 278 3344 in
296 3305 377 3345 oestro
395 3299 498 3343 initeris
516 3299 540 3342 si
557 3299 616 3342 lieet
633 3312 689 3342 ease
716 3296 809 3353 chor05
838 3306 862 3345 et
884 3301 955 3344 Pers.
975 3300 1046 3344 Prol,
1068 3299 1091 3344 7.
1111 3306 1299 3351 recensetum,
1322 3298 1340 3338 lt

249 3370 355 3413 omnium
374 3369 499 3421 poetarum
514 3369 585 3410 veluti
604 3368 729 3421 sodalitio,
750 3381 792 3410 sua
811 3382 880 3412 saera
894 3369 1014 3422 habente,
1035 3370 1073 3413 uhi
1095 3371 1191 3413 iaudent
1213 3366 1339 3412 Platonisir

249 3437 353 3491 Ettthyrl.
374 3449 398 3490 p.
420 3433 479 3480 277.
500 3429 536 3482 τὰ
555 3429 619 3502 ἱερὰ
638 3431 674 3483 τὰ
693 3432 873 3497 σοφιστικοὶ,
893 3440 955 3494 quod
972 3443 1049 3481 tamen
1068 3438 1238 3490 homonymum
1257 3440 1291 3481 est
1305 3429 1340 3494 τῆς

248 3501 375 3567 τελετῆς.
413 3505 514 3558 Vulpins
526 3504 694 3556 interpretetus
713 3510 749 3548 est
765 3517 871 3561 manes3
891 3508 932 3549 sed
953 3507 974 3548 in
997 3507 1074 3558 loeis,
1095 3519 1155 3563 qnos
1177 3507 1271 3557 iaudat,
1289 3502 1338 3548 Otii·

249 3576 310 3619 Met.
333 3573 380 3627 10,
402 3569 461 3618 ⁶96.
498 3573 565 3615 l'nst.
590 3571 619 3624 ⁶,
640 3570 700 3618 119.
719 3586 765 3617 vox
783 3587 860 3617 rcere
882 3574 1008 3629 utrobique
1025 3573 1144 3633 significat
1165 3571 1241 3618 Dedin
1260 3570 1340 3617 simale·

214 3656 217 3669 ¹
249 3656 305 3687 ern.
341 3643 468 3686 Pcldamus
486 3642 573 3695 accipit
595 3652 655 3694 pro:
676 3654 764 3694 „sacer
783 3643 903 3686 Phileta.'¹
922 3647 945 3687 et
963 3642 1045 3686 lacobs
1065 3640 1234 3707 (Ricimenleae
1253 3634 1339 3697 pili-i

213 3726 217 3777 ξ
249 3723 338 3765 ,.saern
364 3710 472 3753 Philetas
483 3706 534 3766 fiir
551 3708 599 3751 den
616 3707 728 3754 Philetas
746 3710 844 3765 seiher,
876 3709 922 3754 der
940 3708 1005 3754 norit
1029 3712 1124 3755 reinam
1144 3709 1228 3763 Tode,
1259 3709 1301 3752 wie
1314 3704 1339 3747 dit

213 3786 219 3837 ὶ,
248 3777 341 3825 Mones
359 3776 510 3833 iiberhanpt,
541 3774 651 3824 dolerem
668 3778 782 3823 Natus-en
805 3777 977 3837 beyeueit‘lelen
993 3780 1054 3823 ist.”
1087 3777 1199 3823 Philetus
1217 3778 1339 3828 Praecipiet

215 3856 221 3905 ξ
248 3847 381 3894 Ptolemaei
405 3847 568 3904 Philadelphi,
586 3847 689 3901 scriptor
707 3849 838 3906 elegiarum
860 3853 884 3892 et
904 3849 1120 3905 epigrammatum,
1146 3850 1213 3892 culus
1231 3845 1339 3904 fragmenta

217 3908 222 3915 Ι
249 3917 348 3973 collegit
368 3915 419 3962 Nic.
440 3917 542 3960 Baebius
563 3915 638 3961 italis.
661 3914 737 3961 1829.
757 3915 782 3961 8.
839 3915 863 3961 1.
884 3917 980 3960 lnitimu
997 3918 1098 3961 alterius
1121 3917 1211 3978 elegiae
1237 3922 1338 3970 perperam

250 3987 273 4028 h.
295 3987 312 4027 l.
332 3985 449 4028 intrusum
466 3984 540 4026 luisse
560 3983 610 4026 sine
630 3997 700 4026 cansa
718 3987 851 4040 suspicatur
870 3987 974 4039 Valet„
994 3986 1033 4041 qui
1052 3987 1165 4028 audacter
1182 3999 1206 4028 n.
1227 3982 1252 4027 4.
1272 3985 1299 4025 iu
1313 3991 1338 4020 tt·

249 4052 330 4108 fingit:
351 4050 433 4096 Greia
452 4064 499 4107 per
512 4050 615 4093 ltelieos
633 4052 708 4109 orgia
719 4048 794 4108 serra
812 4051 917 4107 choros,
939 4055 1000 4110 quod
1015 4055 1212 4108 interpretatione
1230 4054 1275 4096 iam
1292 4059 1339 4105 prae·

251 4125 346 4173 ceperat
362 4121 521 4163 Burmannus.
559 4118 689 4172 vulgatus.
713 4132 772 4174 quae
790 4126 855 4164 recte
879 4123 959 4175 hahet,
985 4120 1131 4180 significatus
1150 4128 1204 4166 est:
1233 4120 1338 4165 Paesur-

252 4189 331 4248 potins
349 4188 449 4244 elegiam
477 4187 598 4228 duintaxat
622 4183 730 4228 Latinam
753 4188 871 4243 primus,
900 4192 972 4247 (quod
991 4195 1068 4234 tamen
1088 4204 1118 4235 ex
1144 4191 1216 4235 solito
1237 4192 1339 4246 poenum

253 4254 417 4297 Rornanorum
436 4264 504 4296 more
522 4251 610 4293 dietum
628 4251 653 4295 h.
674 4253 690 4295 l.
711 4253 780 4298 nimis
799 4260 929 4313 urgendum
948 4272 995 4302 nou
1014 4257 1061 4316 cst)
1079 4260 1228 4306 conformari
1246 4259 1275 4302 ad
1285 4255 1338 4299 Gur·
