2750 4744
45 326 195 392 Pontius
216 327 340 404 heroo,
365 325 486 401 Bassus
512 345 643 410 qumque
664 327 769 390 clarus
790 325 918 407 iambo,

48 413 50 416 Α
111 427 237 494 Dulcia
259 427 428 493 convictus
450 430 593 490 membra
613 426 704 490 fuere
727 426 807 490 mei:

46 531 92 593 Et
116 528 223 594 tenuit
244 540 373 594 nostras
394 549 586 605 numerosus
609 527 766 593 Horatius
789 549 902 606 aures,

112 631 206 696 Dum
228 630 304 694 ferit
325 629 471 694 Ausonia
493 628 632 693 carmina
654 630 739 692 culta
760 629 844 709 lyra.

46 730 234 816 Virgilium
256 730 320 795 vidi
342 742 484 808 tantumz
508 752 567 794 uec
587 752 685 795 avara
708 731 842 795 Tibullo

116 834 263 913 Tempus
285 831 439 896 amicitiae
459 832 525 894 sata
546 835 663 896 dedere
686 853 788 896 meae.
919 912 923 921 Ι

49 934 235 997 Successor
255 933 317 997 fuit
336 932 389 996 hic
410 933 485 1010 tibi,
511 933 624 1007 Galle3
648 933 930 1016 Propertius-illia

117 1035 261 1114 Quartus
282 1035 322 1097 ab
344 1034 394 1098 his
415 1034 499 1099 serie
520 1034 675 1117 temporis
696 1034 769 1117 ipse
790 1035 851 1100 sui.

47 1136 166 1219 thue
188 1156 251 1219 ego
274 1138 429 1216 maiores,
452 1137 498 1200 sie
520 1157 569 1199 me
591 1138 722 1202 coluere
744 1135 904 1202 miuorcsa

117 1238 272 1321 Notaque
293 1259 358 1301 noo
381 1241 471 1302 tarde
491 1240 578 1302 sacta
600 1240 714 1303 Thalia
736 1259 804 1303 mea
828 1251 890 1303 est.

48 1336 207 1403 Carmina
229 1360 325 1422 quom
346 1339 483 1421 primum
505 1340 629 1422 populo
650 1338 799 1404 iuvenilia
821 1339 908 1422 legi,

117 1441 226 1503 Barba
247 1453 372 1505 resecta
394 1441 470 1504 mibi
491 1441 592 1505 bisve.
605 1441 743 1506 semelve
765 1439 840 1505 tuit.
935 1469 936 1472 ¹

48 1541 211 1606 Moverat
232 1541 397 1627 ingenium
415 1554 516 1608 totam
538 1553 664 1606 canmta
684 1563 744 1624 per
765 1538 886 1607 Urbem

119 1642 258 1708 Nomine
279 1664 345 1708 non
367 1665 447 1708 vero
469 1643 553 1707 dicta
574 1643 720 1709 Corinna
741 1643 827 1710 mihi.

49 1744 162 1808 Multa
184 1745 312 1831 quidem
333 1745 467 1827 scripsi,
492 1748 549 1809 sed
570 1767 652 1831 quae
674 1745 791 1811 vitiosa
813 1745 943 1829 putavi,

117 1846 342 1909 Emendaturis
363 1845 491 1931 ignibus
511 1846 581 1929 ipse
603 1847 688 1912 dedi.

51 1948 142 2012 Tum
164 1968 311 2032 quoque,
335 1969 433 2032 quom
454 1949 622 2032 fugerem,
660 1950 813 2032 quaedam
834 1947 991 2031 placitura
1007 1950 1175 2027 ‘cremavi,

118 2051 225 2113 Iratus
247 2049 353 2113 studio
375 2048 749 2132 carminibusque-meis.

51 2150 181 2225 Molle,
205 2148 392 2231 Cupidineis
413 2172 473 2227 nec
493 2149 747 2235 inexpugnabile
768 2148 840 2213 telis
896 2198 900 2204 .
1136 2152 1176 2216 65

119 2250 190 2316 Cor
211 2250 308 2328 mibi,
332 2255 482 2336 quodque
504 2251 584 2316 levis
607 2272 701 2314 eausa
724 2261 889 2327 moneret,
913 2263 997 2316 erat.

52 2352 164 2440 Quom
185 2363 290 2417 tamen
311 2354 374 2416 bdc
396 2374 497 2416 essem
519 2352 714 2438 minimoque
735 2354 928 2417 accenderer
950 2352 1040 2437 igni,

119 2452 258 2517 Nomine
279 2456 340 2517 sub
360 2465 476 2520 nostro
496 2454 606 2517 sabula
627 2454 713 2517 nulla
733 2454 806 2518 suit.

51 2555 163 2620 Paene
185 2554 265 2618 mibi
284 2576 388 2637 puero
409 2576 470 2619 nec
491 2556 586 2640 digna
607 2576 668 2619 nec
689 2556 775 2620 utilis
797 2577 883 2620 uxor

118 2658 181 2720 Est
201 2659 272 2720 data
282 2700 297 2734 ‚.
318 2678 399 2744 quae
421 2669 545 2739 tempus
567 2660 728 2739 perbreve
749 2669 850 2740 nupta
869 2657 943 2721 suit.
1139 2664 1180 2723 70

51 2756 110 2820 Illi
130 2758 302 2836 successit,
327 2758 472 2843 quamvis
494 2758 737 2836 aine‘criminffi
760 2758 901 2835 coniux,

72 2934 74 2939 ¹
119 2861 196 2923 Nou
218 2862 375 2924 tamenin
397 2872 512 2926 uustro
534 2859 626 2923 firma
646 2860 754 2925 sutura
776 2873 868 2925 toro.

52 2959 176 3026 Ultima
199 2982 280 3055 quae
302 2958 425 3025 mecum
447 2982 539 3027 seros
561 2962 735 3044 permansit
756 2962 787 3026 iu
810 2983 930 3040 annos,

120 3061 273 3126 Sustinuit
294 3063 410 3128 coniux
434 3063 553 3127 exsulis
574 3083 643 3127 esse
668 3063 740 3127 viri.

53 3162 138 3227 Filia
161 3185 210 3227 me
233 3185 300 3227 mea
321 3164 371 3231 bis
386 3165 494 3247 prima
514 3165 650 3228 fecunda
670 3162 819 3240 iuventa,

120 3266 184 3329 Sed
207 3287 271 3331 non
294 3286 335 3329 ex
356 3259 600 3350 unocuniuge,
623 3264 699 3328 feeit
721 3286 829 3329 avum.

53 3366 183 3430 Etiam
205 3368 383 3450 complerat
407 3367 611 3452 genitorrsua
631 3367 697 3430 fata
719 3386 901 3448 novemque

119 3470 296 3533 Addiderat
315 3467 426 3551 lustris
448 3470 548 3532 altera
569 3469 669 3531 lustra
686 3488 826 3531 ‚novema

53 3572 134 3635 Non
155 3571 247 3634 aliter
267 3571 361 3648 flevi,
386 3593 479 3654 quam
501 3590 551 3633 me
572 3571 707 3635 fleturus
729 3573 908 3659 ademptum

52 3798 159 3853 Scripsit
176 3800 199 3842 is
216 3798 354 3856 Thebaida,
383 3800 551 3846 Antimachum
572 3804 677 3847 secutus.
718 3795 803 3844 Basso
826 3799 882 3843 item
901 3798 1043 3853 inscriptam
1065 3798 1179 3843 habemus

50 3865 319 3931 Brop.1,Eleg.l.
365 3870 448 3917 Proba
471 3872 650 3930 distinguendus
676 3867 700 3911 is
718 3873 755 3913 cst
772 3879 786 3910 a
804 3866 986 3925 cognominibus
1014 3869 1107 3922 poetis,
1138 3867 1177 3924 qui

50 3940 110 3991 post
128 3950 183 3980 eum
200 3936 348 3992 floruerunt,
369 3939 457 3986 Cassio
475 3942 567 3993 Basso,
587 3938 663 3983 Gavio
677 3937 755 3980 Basso
778 3940 802 3981 ct
819 3937 900 3980 Saleio
919 3936 1015 3991 Basso,
1047 3935 1180 3990 dequibus

50 4017 76 4049 v.
97 4005 215 4050 Werasd.
235 4007 266 4050 P.
285 4007 316 4051 L.
330 4008 367 4052 M.
387 4008 418 4052 Τ.
440 4007 464 4056 ³.
484 4024 508 4065 p.
528 4007 654 4056 xxxta.
674 4010 698 4049 et
716 4006 749 4050 T.
769 4002 795 4049 4.
813 4004 845 4049 P.
865 4002 890 4048 1.
910 4019 934 4060 p.
950 4001 993 4048 ⁴3.
1037 4000 1079 4047 50.
1098 4000 1180 4044 Aonio

51 4074 134 4118 Codd.
155 4070 180 4118 l.
200 4072 323 4130 (Aeoliol
341 4076 439 4135 llcins.)
485 4077 527 4123 51.
547 4088 638 4123 amoro
655 4075 740 4119 Burm.
759 4086 789 4119 cx
807 4073 884 4119 codd.
934 4069 976 4117 53.
995 4071 1019 4115 ia
1038 4068 1177 4113 tibifleins.

52 4139 96 4188 73.
117 4144 298 4199 socios-Codri.
354 4143 396 4191 75.
414 4145 482 4190 Filio
499 4146 538 4190 bis
554 4143 640 4202 primo
657 4156 714 4188 mea
731 4156 771 4188 rna
788 4142 873 4189 Heius.
892 4140 957 4189 coni.
1004 4135 1047 4183 79.
1066 4133 1180 4192 adempto

32 4212 133 4257 ¹Codd.
153 4212 232 4259 multi.
676 4229 678 4232 ⁴
