2762 4762
180 154 254 263 sss'

349 353 556 440 Feliginosae
578 354 710 440 virgini.

265 459 326 522 Illa
348 458 426 522 nihil
448 457 612 535 dubitans,
636 456 755 540 digitos
775 455 918 539 inspexit
940 466 1064 521 acutum

234 642 239 649 Δ
351 560 508 643 Sinusque
528 580 679 623 ramosos
702 559 817 633 volae;
1096 562 1100 569 '
1264 562 1308 624 50

263 662 413 746 Denique
436 662 627 725 vaticinatas
652 660 740 736 „Diu
761 659 788 722 si
810 658 948 735 vixeris,
972 658 1094 743 inquit,

348 764 498 828 Moriere
521 767 722 848 grandaevus
743 762 876 824 senex.”

267 868 335 929 Ista
355 866 451 941 ioco,
475 877 511 928 ut
532 887 660 948 possem
681 865 860 928 simulatum
883 882 1061 945 agnoscere
1086 862 1227 939 voltum,

352 969 493 1041 „Macer
515 967 695 1043 manebis,’'
719 964 855 1040 addidit;

266 1071 406 1134 Nomine
428 1091 542 1153 meque
565 1090 636 1133 meo
660 1080 773 1145 vocat,
797 1089 835 1130 os
859 1077 975 1129 mutata
997 1067 1149 1128 decorum
1264 1068 1307 1130 55

353 1175 455 1234 Tersa
478 1171 567 1254 genis
592 1169 775 1254 nigredine3

264 1275 370 1339 Aonia
392 1272 495 1356 qualis
517 1271 644 1336 Phoebi
666 1271 812 1336 consedit
832 1272 863 1335 in
885 1293 976 1348 arce,

352 1377 468 1439 Donec
489 1374 634 1437 sinebant
657 1373 822 1438 Bistones.

268 1478 423 1543 Protinus
446 1475 597 1541 exsiliens
620 1497 700 1561 ego:
724 1475 818 1549 „Cur
839 1476 928 1553 Dea,
953 1478 1190 1540 schematevili

354 1580 512 1643 Formosa
536 1579 619 1640 celas
641 1577 809 1640 lumina?”
1166 1595 1168 1599 ·
1265 1582 1308 1642 60

270 1680 407 1744 Psaltria
431 1681 577 1742 subrisit:
601 1681 778 1753 „Nostrum
803 1692 851 1743 est
872 1702 979 1744 errare
1001 1702 1059 1763 per
1082 1683 1177 1744 urbes

354 1783 400 1844 Et
421 1803 545 1864 regna,
570 1802 635 1864 quo
657 1782 722 1844 sert
743 1781 891 1863 impetus.
982 1796 984 1799 ·

272 1886 347 1949 Hoc
369 1895 401 1947 et
424 1883 572 1965 Calliope
594 1884 672 1946 lacit
693 1885 902 1965 Euterpeque
925 1885 1113 1967 Eratoque:

355 1987 473 2050 Omnes
498 2006 612 2049 novem
636 1985 855 2049 Permessides

269 2090 371 2152 More
394 2107 601 2172 peragramus
624 2088 732 2149 fuscae
751 2086 917 2167 Nilotidos
940 2090 1050 2151 orbem
1267 2092 1306 2152 65

355 2191 482 2273 Magno
506 2191 594 2252 bono
617 2189 810 2253 mortalium.

271 2292 383 2372 Qualis
406 2291 488 2354 euim
513 2302 625 2353 ventus
648 2303 814 2374 grassatur
836 2303 868 2354 et
889 2313 1032 2376 aequora
1058 2295 1135 2357 flatu

354 2396 525 2475 Aurasque
547 2406 663 2476 purgat
686 2393 827 2477 inquies;

271 2494 423 2558 Sollicitis
446 2494 588 2558 homines
610 2496 810 2558 discursibus
834 2517 934 2579 usque
957 2517 1141 2573 movemus,

358 2599 409 2661 Ne
431 2608 690 2677 computrescant
713 2598 795 2661 otio.
1267 2603 1308 2663 to

272 2700 381 2782 thue
404 2696 506 2761 Ceres
531 2697 623 2776 olim,
647 2711 770 2778 raptam
793 2720 810 2761 a
832 2702 993 2781 praedone
1016 2701 1130 2765 marito

356 2801 463 2880 Quom
486 2811 655 2884 quaereret
678 2801 925 2882 Proserpinam,

272 2902 397 2966 Semina
421 2902 539 2982 sparsit
561 2902 647 2986 agris
670 2914 813 2985 segetum
834 2903 971 2968 fecunda
997 2906 1125 2991 uiasque

356 3004 500 3067 Vestivit
521 3025 631 3068 omnes
654 3003 822 3088 frugibus3

273 3107 325 3169 Sic
349 3128 406 3169 uos
429 3106 582 3187 proiectis
604 3106 665 3168 itcr
689 3128 782 3169 omne
804 3108 964 3188 replemus
986 3110 1093 3174 avenis
1268 3116 1305 3178 75

356 3210 400 3270 Et
422 3208 609 3271 seminamus
631 3209 754 3270 nablia:

272 3313 525 3396 Excoliruusque
548 3310 668 3373 animos
690 3322 722 3374 et
744 3313 880 3376 barbara
902 3318 1000 3377 corda
1022 3318 1187 3380 domamus

358 3415 449 3478 Artis
472 3435 609 3476 canorae
631 3414 794 3488 laudibus;

273 3516 516 3603 Dignamurque
539 3519 633 3578 rudes
656 3515 748 3578 etiam
771 3517 961 3601 penitusque
982 3514 1123 3585 remotas

357 3621 390 3682 A
413 3620 480 3683 sole
503 3629 616 3702 gentes
639 3618 755 3682 visere.
1265 3630 1303 3691 80

273 3723 349 3788 Non
373 3721 484 3795 vallis,
508 3741 573 3783 non
595 3721 683 3803 rupis
707 3723 815 3797 obex,
838 3744 903 3787 non
925 3735 1036 3808 stagna
1058 3731 1241 3806 retardant,

356 3823 433 3884 Non
455 3833 554 3886 terret
578 3826 634 3887 ae‘r
657 3823 810 3888 crassior.

273 3929 447 3990 Extremos
470 3924 631 3987 hominum
654 3923 808 3990 Morinos
831 3948 914 4010 quos
936 3929 1042 3992 Roma
1064 3928 1211 4012 putavit*

357 4026 518 4106 Nullaque
539 4026 646 4089 claros
667 4026 794 4103 indole,

276 4127 329 4186 An
351 4145 416 4185 non
439 4124 612 4204 linquentes
633 4126 726 4187 nobis
749 4132 953 4197 suadentibus
975 4144 1064 4197 antra
1262 4133 1301 4208 8'5„

359 4224 524 4284 Levantur
545 4222 577 4284 iu
597 4223 783 4307 fastigium?
1067 4230 1071 4235 ’
