2762 4760
242 214 285 279 32

303 375 404 450 Nam,
437 374 525 460 quod
546 391 641 454 saepe
661 366 807 434 homines
829 368 963 431 morbos
985 362 1086 448 magis
1107 383 1176 427 esse
1197 361 1350 427 timendos

240 476 459 563 Infamemque
480 475 588 539 ferunt
608 472 705 536 vitam
727 491 820 556 quam
842 479 964 532 tartara
985 466 1060 540 leti3

239 581 284 644 Et
305 601 339 643 se
361 578 446 644 seire
467 577 587 641 animae
608 586 751 638 naturam
774 570 937 657 sanguinis
958 591 1029 634 esse

239 683 308 744 Aut
331 682 424 746 etiam
447 680 551 756 venti,
574 678 601 743 si
622 677 688 741 fert
708 675 752 739 ita
773 675 862 740 forte
885 673 1049 756 voluntas,

239 785 310 847 Nec
333 805 483 868 prorsum
506 781 679 869 quidquam
701 787 830 842 nostrae
852 774 987 847 rationis
1008 794 1123 857 egere:
1317 774 1349 835 45

240 884 329 949 Hinc
351 884 428 949 licet
449 888 601 949 advortas
624 881 760 946 animum
780 875 882 961 magis
899 872 1004 939 omnia
1025 872 1126 936 laudis

238 987 357 1051 lactari
380 1009 507 1063 caussa,
530 1008 622 1073 qnam
647 985 737 1069 quod
755 1002 807 1045 res
829 979 899 1060 ipsa
920 977 1098 1059 probetura

238 1091 400 1154 Extorrcs
421 1091 504 1153 idem
526 1087 630 1172 patria
650 1087 812 1169 longeque
833 1077 958 1165 fugatei

241 1190 489 1274 Conspectuex
510 1189 691 1264 hominum,
713 1182 854 1251 foedatei
877 1180 1008 1247 crimine
1028 1178 1134 1263 turpi,

239 1293 395 1359 Omnibus
417 1292 576 1358 aerumnis
599 1288 724 1355 affectei
746 1285 899 1371 denique,
922 1282 1053 1357 vivunt·;

237 1397 282 1458 Et
303 1416 530 1481 quoquomque
552 1406 656 1457 tamen
678 1388 805 1455 miserei
827 1408 960 1462 venere,
983 1393 1150 1468 parentant

237 1498 283 1560 Et
303 1496 412 1581 nigras
433 1508 569 1560 mactant
590 1498 728 1579 pecudes
750 1502 781 1556 et
803 1489 940 1553 manihu'
963 1486 1048 1550 divis

238 1598 377 1663 Inferias
400 1600 540 1675 mittunt;
564 1598 728 1683 multoque
747 1592 781 1658 in
803 1595 899 1657 rebus
921 1587 1046 1654 acerbis

236 1700 357 1764 Acrius
379 1705 552 1767 advortunt
573 1699 699 1763 animos
720 1699 760 1760 ad
780 1694 986 1779 religionem.

240 1803 314 1882 Quo
337 1803 438 1888 magis
458 1802 491 1866 in
514 1801 618 1865 dubiis
640 1798 800 1865 hominem
822 1806 968 1880 spectare
990 1793 1122 1878 periclis
1318 1800 1348 1860 66
1371 1772 1373 1865 l

239 1902 400 1969 Convenit
422 1903 633 1990 advorsisqne
652 1902 687 1966 in
708 1903 804 1966 rebus
825 1920 981 1975 noscere,
1005 1896 1083 1981 quid
1104 1896 1163 1962 sit:

236 2008 320 2070 Nam
343 2029 438 2072 verae
457 2029 554 2073 voces
577 2018 643 2069 tum
664 2008 788 2069 demum
810 2012 945 2084 pectore
968 2003 1009 2064 ab
1032 2000 1097 2064 imo

237 2105 421 2170 Eliciuntnr
442 2118 473 2171 ct
495 2105 629 2190 eripitur
651 2126 806 2189 persona,
829 2116 934 2168 manet
955 2125 1020 2168 res.

299 2208 446 2296 Denique
468 2208 618 2272 avarities
640 2209 852 2273 othonorum
876 2228 970 2272 caeca
993 2204 1130 2289 cupido,

239 2310 329 2391 Quae
351 2312 485 2376 miseros
506 2300 652 2377 homines
674 2321 796 2396 cogunt
816 2312 1039 2374 transcendere
1057 2307 1149 2372 lineis
1316 2314 1346 2374 66

236 2411 321 2477 Iuris
340 2424 371 2477 et
391 2412 548 2477 interdurn
571 2413 680 2477 socios
700 2414 854 2477 scelerum
878 2424 972 2498 atque
995 2410 1159 2476 ministros

235 2514 373 2579 Nocteis
395 2526 491 2601 atque
510 2514 577 2579 dies
598 2514 655 2579 niti
676 2525 856 2599 praestante
877 2512 989 2579 labore

235 2618 291 2680 Au
311 2638 445 2680 summas
468 2638 632 2702 emergere
655 2637 754 2699 opes:
778 2618 861 2681 hacc
883 2617 1016 2681 volnera
1039 2615 1123 2680 vitae

235 2719 312 2782 Non
332 2718 501 2782 minumum
521 2730 643 2802 partem
665 2717 779 2783 mortis
801 2717 977 2784 formidine
1000 2720 1137 2784 aluntur.

236 2820 358 2904 Turpis
380 2819 463 2885 enim
484 2821 585 2885 ferme
608 2831 806 2905 contemptus
829 2833 860 2886 et
882 2820 966 2885 acris
986 2831 1110 2906 egestas
1310 2829 1341 2889 tt

234 2924 364 2987 Semota
386 2926 426 2987 ab
448 2923 535 2987 dulci
558 2924 622 2987 vita
642 2922 812 3008 stabilique
834 2924 982 2988 videntur

233 3026 278 3089 Et
296 3024 386 3110 quasi
407 3025 470 3089 iam
492 3025 550 3091 leti
569 3038 682 3109 portas
705 3025 885 3090 cunctarier
907 3036 992 3090 ante.

233 3128 325 3193 Unde
346 3127 508 3205 homines,
531 3132 605 3191 dnm
626 3149 660 3193 se
681 3126 764 3193 falso
787 3139 915 3194 terrore
938 3128 1062 3194 coaetei

233 3229 395 3315 Effugisse
417 3230 530 3295 volunt
551 3230 649 3315 longe
662 3229 834 3318 longeque
856 3250 1016 3309 remosse,

285 3381 327 3429 43.
346 3384 681 3431 unimueWak.eoni.Forb.
701 3409 733 3421 -
751 3385 898 3431 animiGell.
907 3385 1076 3442 (ctiamG.E.)
1084 3388 1174 3446 Vulgo.
1211 3385 1256 3435 44.
1269 3391 1340 3437 nott.

232 3458 256 3498 ct
267 3454 328 3499 Edd.
341 3459 486 3510 postponunt
496 3467 519 3499 v.
535 3450 577 3498 46.
594 3459 618 3499 et
629 3455 747 3510 explicant
759 3456 884 3516 gloriolae
893 3487 899 3510 ,
906 3452 979 3515 sumi
991 3469 1071 3502 cansa.
1095 3458 1213 3502 Avaueins
1227 3473 1257 3503 ex
1273 3462 1341 3506 inter·

230 3524 350 3579 polatione
366 3524 431 3568 ledit
444 3522 494 3568 Aul
508 3523 584 3568 vetiti.
620 3524 666 3569 Sed
682 3525 778 3583 egregia
793 3526 834 3569 illa
852 3526 1008 3581 transpositio
1023 3527 1131 3571 Bentleio
1146 3526 1256 3573 debetur.
1292 3531 1341 3575 Em·

229 3595 340 3649 pectantes
364 3606 387 3638 v.
415 3590 475 3638 317.
500 3594 536 3638 St.
561 3584 636 3656 αἷμα
657 3587 714 3663 γὰρ
736 3588 906 3663 ἀνθρώποις
927 3590 1115 3665 περικάρδιόν
1143 3591 1208 3645 ἐστι
1232 3594 1341 3664 νόημα.

230 3662 282 3707 Cic.
293 3664 366 3707 Tute.
378 3663 399 3707 1.
416 3658 440 3709 9.
471 3660 634 3721 Empedocles
651 3663 763 3708 orimum
781 3677 835 3708 ssss
856 3671 940 3708 censet
952 3664 1024 3710 cordi
1041 3661 1163 3726 suffusum
1179 3670 1339 3727 sanguinem.

228 3731 347 3778 Animum
364 3737 446 3776 aulem
458 3733 506 3776 alil
522 3732 648 3786 animum,
668 3738 694 3777 ut
703 3729 764 3791 sere
779 3733 870 3782 nostri.
890 3734 927 3778 lb.
947 3733 1021 3779 corde
1037 3748 1082 3791 pro
1093 3732 1165 3793 sorte
1177 3735 1207 3780 F..
1220 3751 1235 3779 a
1248 3750 1304 3784 sce.
1314 3753 1341 3784 n.

169 3797 173 3807 '
230 3800 272 3849 ll.
290 3798 398 3846 Causam
410 3803 452 3847 W.
470 3816 499 3847 ex
514 3801 575 3847 Ε66.
592 3808 650 3847 vett.
688 3800 730 3848 52.
749 3802 972 3848 etmonibuslms‘s
985 3804 1014 3848 C.
1052 3801 1093 3849 56.
1112 3803 1174 3864 quid
1187 3805 1366 3856 simmei..

228 3873 290 3916 Ven.
302 3872 345 3916 W.
355 3870 447 3916 Eichst.
457 3873 486 3916 F.
507 3895 540 3908 ·-
563 3873 606 3931 qui
624 3872 702 3919 silli,
716 3873 784 3919 Brix.
799 3873 828 3918 L.
843 3873 873 3917 ll.
893 3892 927 3905 -
950 3874 1005 3933 quis
1024 3873 1059 3917 sit
1073 3873 1102 3918 C.
1122 3897 1156 3908 -
1178 3876 1339 3933 qutstntnv.

227 3941 257 3985 P.
272 3940 303 3986 Α.
320 3942 360 3999 qni
376 3954 430 3985 cum
445 3942 505 3986 066.
519 3941 548 3986 C.
561 3941 592 3986 E.
603 3955 627 3987 v.
637 3940 678 3988 55.
695 3942 783 3988 habent
798 3942 920 3987 homines.
965 3939 1006 3987 61.
1026 3944 1195 4002 scelerumque
1208 3946 1340 3992 tministros

229 4010 258 4055 C.
277 4034 309 4046 -
328 4012 479 4070 scelerisque
491 4011 622 4056 ministros
637 4011 733 4057 volebat
749 4014 823 4057 Wals.
840 4027 853 4057 e
872 4013 1008 4066 corruptela
1025 4010 1086 4057 Cld.
1107 4018 1131 4058 et
1147 4013 1216 4058 Brix.
1234 4017 1338 4061 sceleris

228 4085 310 4139 atque.
358 4077 399 4125 64.
419 4082 550 4125 minimum
563 4081 591 4124 in
601 4087 700 4139 perlem
714 4081 760 4140 G.;
791 4086 817 4126 nt
837 4082 916 4126 solent
935 4083 975 4126 isti
990 4083 1118 4127 accusativi
1133 4097 1147 4126 a
1162 4083 1277 4129 librariis
1294 4100 1339 4131 cor·

227 4152 305 4205 rumpi
316 4151 412 4194 insertis
425 4164 550 4207 praeposs.
562 4148 596 4195 od
606 4151 642 4196 vel
658 4151 700 4204 in,
720 4152 855 4196 autmutari
868 4152 891 4194 in
901 4164 995 4211 magno
1005 4158 1119 4211 exparte
1131 4157 1177 4197 cet.
1206 4151 1250 4198 65.
1255 4152 1339 4214 ferme

227 4218 304 4265 Coto.
316 4217 341 4264 4.
362 4215 495 4277 -sormu
506 4221 537 4265 tt.
559 4239 588 4251 -
601 4215 705 4278 firmos
720 4219 822 4265 (1.1666.
840 4224 897 4269 vett.
918 4245 951 4254 —
962 4216 1107 4281 samueli.
1119 4222 1149 4267 P.
1161 4224 1191 4268 Α.
1218 4244 1249 4256 -
1268 4221 1340 4284 suma

227 4293 251 4334 st
260 4293 413 4348 contemptus
422 4288 452 4334 Ι..
463 4289 494 4338 fl.
538 4286 579 4334 69.
598 4285 720 4351 effugisse
735 4289 795 4336 Cdd.
812 4290 884 4336 etiam
898 4290 928 4338 C.
938 4290 969 4338 Ε.
977 4292 1019 4337 W.
1027 4291 1057 4336 F.
1078 4312 1108 4326 ·-
1127 4288 1263 4354 refugisse
1277 4295 1338 4340 hil.
