2736 4748
315 342 412 406 LIV.
449 338 629 405 nusum.
664 341 721 420 (n.
747 340 781 407 a.
803 339 874 420 u.)

39 450 215 516 Candidius
239 448 320 513 nihil
341 461 389 514 est
410 461 461 526 te,
486 448 687 526 Caeciliaue3
711 450 834 516 notavi.

101 554 136 617 Si
158 554 287 636 quando
310 573 351 615 ex
373 551 491 615 uostris
513 552 646 615 disticha
668 573 768 633 pauca
790 553 867 636 lego
879 550 902 628 „⁴

37 653 195 721 Protinus
218 665 271 716 aru
294 650 400 716 Marsi
422 650 538 715 recitas
560 663 615 716 aut
635 652 756 737 scripta
778 654 919 720 Catullit

102 757 179 818 Hoc
201 754 275 816 mihi
300 756 375 828 das,
399 764 559 837 tamquam
580 754 743 819 deteriora
764 755 871 838 legas,

38 858 82 922 Ut
107 857 227 918 collata
250 854 350 940 magis
373 855 522 937 placeant
542 853 635 918 mea?
657 855 826 921 Credimus
847 856 944 922 illud:
1138 857 1158 920 5

101 958 198 1022 Malo
220 967 323 1020 tamen
345 955 481 1034 recites,
506 956 707 1039 Caeciliaue,
731 967 816 1023 tua„

332 1108 411 1171 LV.
446 1105 625 1171 neaeram.
663 1105 721 1183 (c.
745 1100 778 1168 n'.
802 1105 871 1185 to.)

36 1215 171 1293 Nescis,
196 1218 293 1278 crede
316 1215 408 1293 mihi,
433 1215 509 1299 quid
535 1215 597 1279 sint
619 1215 868 1299 epigrammata,
891 1213 1028 1282 Flacco:

100 1317 167 1398 Qui
190 1328 309 1380 tantum
332 1318 419 1381 lusus
441 1317 495 1380 illa
516 1315 672 1401 iocosque
694 1328 803 1399 putas.

35 1419 96 1482 Ille
120 1417 223 1502 magis
245 1418 341 1493 ludit,
366 1417 421 1502 qui
443 1416 554 1482 scribit
575 1418 707 1499 prandia
732 1415 821 1481 saevi

100 1523 229 1584 Tereos
252 1531 307 1582 aut
328 1540 484 1597 coenam,
509 1521 607 1583 crude
631 1514 793 1599 Thyesta,
816 1529 923 1600 tuam,

34 1624 104 1686 Aut
125 1641 231 1703 puero
253 1621 387 1706 liquidas
409 1632 566 1704 aptantem
589 1621 753 1686 Daedalon
776 1622 860 1697 alas,
1137 1622 1157 1686 5

97 1725 289 1787 Pascentem
311 1721 434 1786 Siculas
456 1724 755 1805 aurPolyphemon
778 1741 871 1785 oves.

37 1824 70 1889 Α
92 1822 214 1888 nostris
235 1822 352 1905 procul
373 1833 422 1886 est
443 1822 544 1886 omnis
567 1823 671 1888 vesica
692 1821 827 1886 libellis:

99 1927 198 1991 Musa
221 1945 280 1987 nec
301 1922 413 1988 insano
435 1934 574 2003 syrmate
596 1936 705 1989 nostra
728 1931 842 1986 tumet.

34 2027 95 2091 Illa
119 2038 224 2088 tarnen
246 2025 373 2087 laudant
395 2020 535 2101 omnes,
548 2024 723 2100 mirantur,
746 2026 902 2088 adorante

98 2126 292 2193 Confiteor:
315 2126 443 2190 laudant
463 2125 535 2205 illa,
559 2129 616 2191 sed
636 2124 699 2189 ista
719 2127 844 2210 legunt.
1117 2124 1159 2186 10

322 2275 417 2340 nm.
453 2272 632 2337 nemnem.
668 2272 727 2352 (c.
750 2273 784 2337 s.
806 2272 876 2352 ss.)

34 2383 119 2451 Cras
141 2395 174 2448 te
196 2381 372 2460 victurum,
397 2403 469 2446 cras
490 2381 588 2458 dicis,
611 2384 786 2459 Postume,
810 2402 953 2465 sempera

96 2486 162 2549 Dic
185 2484 279 2562 mihi,
304 2505 375 2547 cras
396 2483 499 2561 istud,
521 2484 696 2561 Postume,
720 2486 850 2568 quando
873 2482 983 2548 venit?

33 2587 141 2668 Quam
164 2585 262 2670 longe
284 2607 356 2651 cras
378 2584 486 2648 istud?
509 2585 562 2650 uhi
585 2585 656 2649 est?
678 2597 732 2648 aut
753 2590 836 2650 unde
858 2583 1051 2668 petendum?

98 2687 268 2772 Numquid
289 2689 374 2770 apud
396 2687 536 2752 Parthos
559 2687 796 2768 Armeniosque
818 2687 919 2752 latet?

34 2791 105 2854 Iam
130 2808 202 2850 cras
223 2787 310 2850 istud
332 2789 427 2850 hahet
448 2787 570 2850 Priami
593 2788 644 2850 vel
665 2787 815 2851 Nestoris
838 2807 959 2862 anuos3
1023 2842 1025 2849 .
1135 2789 1156 2851 5

100 2887 188 2954 Cras
210 2887 294 2951 istud
316 2887 444 2972 quanti,
467 2887 517 2951 dic
539 2886 633 2965 mihi,
656 2887 761 2969 possit
781 2886 867 2951 emi?

34 2991 121 3056 Cras
142 2988 251 3052 vives!
273 2988 381 3054 Hodie
402 2988 463 3052 iam
485 2988 613 3064 vivere,
635 2989 811 3064 Postume,
834 3008 940 3052 serum
962 2999 1023 3053 est.

98 3091 164 3156 Ille
185 3090 285 3174 sapit,
309 3089 476 3175 quisquis,
498 3091 673 3167 Postume,
698 3088 779 3154 vixit
800 3088 884 3153 heri.

322 3230 437 3295 LVII·
470 3227 648 3293 Eiusdem.
682 3227 739 3306 (L.
763 3227 797 3290 5.
820 3225 888 3305 53.)

34 3336 198 3406 Colchida
221 3336 297 3422 quid
319 3336 456 3401 scribis?
477 3337 553 3421 quid
575 3334 710 3415 scribis,
734 3336 851 3413 amico,
876 3337 1074 3418 Thyestem?

100 3439 189 3519 Quid
211 3439 269 3502 tihi
290 3439 344 3504 vel
366 3437 492 3516 Niobe,
517 3439 636 3514 Basse,
659 3438 715 3507 vel
734 3437 982 3503 Andromache?

33 3540 184 3609 Materia
208 3551 275 3616 est,
299 3537 510 3616 mihicrede,
534 3537 596 3602 tuis
619 3538 778 3621 aptissima
801 3537 920 3602 chartis

100 3640 299 3718 Deucalion,
321 3640 394 3718 vel,
418 3640 445 3704 si
467 3660 533 3704 uon
554 3640 658 3722 placet
680 3639 749 3718 hie,
772 3640 958 3708 Phaethon.

302 3780 439 3847 cvm.
471 3778 650 3847 erucem.
688 3779 745 3856 (u.
768 3777 804 3840 s.
830 3778 896 3856 13.)

35 3891 73 3956 Si
96 3901 173 3964 tua,
199 3885 323 3964 Cirini,
346 3908 479 3969 promas
501 3886 731 3970 epigrammata
752 3886 874 3969 volgo,

102 3990 170 4054 Vel
193 4010 314 4051 meeum
336 3987 441 4070 possis
465 3989 516 4053 vel
537 3988 629 4071 prior
649 3986 719 4069 ipae
739 3986 824 4072 legi:
892 4040 897 4051 .
1011 4036 1016 4043 ,

35 4093 104 4158 Sed
126 4089 186 4153 tibi
207 4100 314 4154 tantus
336 4088 419 4154 inest
441 4090 558 4157 veteris
579 4101 747 4171 respectus
769 4086 878 4166 amici,

104 4190 225 4258 Carior
246 4202 282 4254 ut
304 4213 372 4256 mea
393 4189 436 4256 sit
457 4212 551 4277 quam
572 4204 625 4255 tua
646 4190 731 4256 hina
752 4189 821 4252 tihi.

87 4297 181 4350 [eclogas
196 4294 254 4336 roes
268 4294 313 4336 tat.
408 4366 413 4373 ⁶
887 4285 928 4348 18
1047 4285 1072 4330 ’ψ
