2736 4748
188 181 253 246 tta

192 336 247 402 Sic
268 335 368 400 Maro
391 349 449 393 nec
471 321 603 392 Calabri
624 317 761 385 tentavit
781 310 919 379 carmina
940 306 1071 385 Flacci,
1146 354 1148 366 .

258 432 449 501 Pindaricos
471 436 582 492 nosset
602 443 699 507 quom
721 426 875 503 superare
897 418 1035 488 modos;

193 542 239 604 Et
257 535 362 600 Vario
384 529 480 594 cessit
501 508 642 594 Romani
666 524 757 585 laude
780 516 949 592 cothurni,
1076 554 1080 562 .

257 639 364 719 Quom
385 641 498 715 posset
519 626 646 711 tragico
667 624 785 687 lortius
810 642 868 685 ore
891 617 993 700 loqui.

193 741 320 805 Aurum
342 746 374 799 et
398 754 476 814 opes
499 741 531 793 et
552 749 628 793 rura
650 722 803 809 frequens
828 720 962 786 donabit
986 717 1131 791 anricus3

258 839 324 921 Qui
346 834 454 901 velit
445 830 575 917 ingenio
599 832 735 900 cedere,
758 845 851 888 rarus
874 822 949 884 erit.

477 936 576 1000 LIX
603 929 781 996 Eiusdem.
815 925 872 1004 (L
897 925 929 986 9.
955 924 1024 1001 71.)

195 1043 393 1116 Dixerat„,
400 1036 566 1102 umores!
590 1054 611 1097 ο
633 1028 825 1133 tempora!'’
850 1023 976 1088 Tullius
999 1021 1094 1099 olim,

262 1142 460 1225 Sacrilegum
482 1145 624 1200 strueret
646 1153 742 1217 quum
767 1128 904 1195 Catilina
928 1128 1037 1190 nefas:

171 1244 174 1253 ’
199 1248 306 1326 Quom
329 1262 429 1328 gener
452 1251 547 1323 atque
565 1242 660 1300 socer
684 1231 758 1297 diris
782 1238 992 1295 concurreret
1015 1224 1111 1288 armis

133 1404 137 1413 ,
261 1347 453 1427 Maestaque
476 1338 561 1404 civili
583 1339 678 1400 caede
702 1335 842 1397 maderet
868 1332 1005 1392 humus:

200 1447 271 1513 Cur
293 1468 395 1519 nnnc,
420 1465 441 1508 o
463 1442 588 1507 mores!
611 1457 790 1513 curnunc,
815 1455 836 1498 o
859 1432 1026 1514 tempora!
1049 1426 1157 1491 dicis?
1239 1477 1241 1481 ‚

266 1549 363 1627 Quod
385 1544 443 1607 tibi
465 1566 528 1607 non
551 1542 698 1623 placeat,
723 1535 922 1609 caeciliane,
947 1531 1022 1615 quid
1046 1527 1118 1591 est?

199 1650 296 1712 Nulla
323 1650 436 1708 ducmn
459 1643 592 1717 leritas,
617 1640 702 1702 nulla
726 1649 774 1701 est
795 1635 916 1730 insania
933 1632 1036 1706 serri3

264 1750 351 1811 Pace
370 1745 436 1810 lrui
459 1756 546 1807 certa
569 1742 748 1824 laetitiaque
769 1739 856 1801 licet.

200 1852 278 1913 Non
302 1847 404 1911 nostri
426 1846 563 1923 faciunt,
588 1857 640 1908 tua
661 1845 749 1928 quod
771 1839 830 1903 tibi
850 1850 996 1919 tempora
1013 1835 1169 1914 sordent:

266 1953 330 2013 Sed
347 1949 468 2015 faciunt
489 1969 615 2021 mores,
640 1943 842 2015 Caeciliano,
867 1937 926 2002 tui.

485 2052 562 2113 LX.
595 2046 774 2112 Eiusdem.
809 2043 867 2122 (L.
891 2041 944 2102 10.
967 2038 1042 2117 35.)

372 2152 492 2215 Omnes
517 2147 689 2231 Sulpiciam
712 2147 820 2229 legant
842 2140 987 2225 puellae,

326 2253 393 2317 Uni
415 2272 503 2337 quae.
520 2249 654 2331 cupiunt
676 2247 749 2310 viro
769 2246 912 2328 placere.

329 2356 451 2419 Omnes
473 2348 645 2432 Sulpiciam
668 2352 777 2433 legant
800 2345 924 2420 mariti,

328 2454 394 2519 Uni
416 2452 470 2538 qui
492 2451 624 2535 cupiunt
648 2451 775 2532 plaeere
798 2458 933 2529 nuptae.

326 2557 407 2622 Non
430 2557 509 2619 haec
532 2552 708 2621 Colchidos
731 2550 843 2614 asserit
865 2548 1029 2624 furorem,

260 2670 267 2683 '
328 2655 403 2721 Diri
424 2655 556 2737 prandia
576 2675 634 2717 nec
653 2653 755 2716 relert
778 2653 957 2729 Thyestae-3

330 2756 489 2837 Scyllum,
514 2755 651 2837 Byblida
673 2775 733 2819 nec
752 2752 852 2816 fuisse
875 2749 994 2826 credit,

332 2860 397 2921 Sed
418 2869 525 2921 castos
547 2859 643 2919 docet
662 2866 695 2918 et
716 2853 790 2936 pios
813 2872 961 2928 amores,

329 2961 455 3034 Lusus,
482 2956 610 3023 delicias
630 2955 847 3039 facetiasque:

332 3059 432 3125 Curius
454 3058 607 3127 carmina
615 3057 671 3140 qui
692 3058 772 3119 hene
793 3052 984 3131 aestimarit,

329 3161 460 3223 Nullam
482 3159 599 3223 dixerit
621 3179 692 3222 esse
715 3155 922 3240 nequiorem,

329 3262 459 3325 Nullam
482 3259 600 3323 dixerit
622 3279 692 3323 esse
710 3248 918 3321 sanctiorem.

332 3363 431 3426 Tales
453 3360 623 3446 Egeriae
614 3376 705 3425 rocos
726 3356 826 3422 luisse

332 3465 408 3529 Udo
431 3462 619 3527 crediderim
640 3462 766 3525 Numae
788 3461 847 3523 sub
871 3468 983 3522 antro:

332 3566 408 3629 Hac
427 3563 645 3646 condiscipula
669 3563 718 3625 vel
740 3563 800 3624 hac
821 3560 976 3643 magistra
1010 3556 1014 3561 ’

334 3668 434 3730 Esses
457 3665 584 3729 doctior
603 3675 634 3726 et
654 3663 768 3745 pudica
790 3663 943 3745 Sappho:

333 3767 399 3830 Sed
418 3776 521 3829 tecruu
542 3765 665 3847 paritor
686 3763 843 3848 simulque
868 3760 968 3826 visam

333 3867 446 3933 Diuus
468 3865 638 3947 Sulpiciam
656 3867 776 3930 Phaon
794 3875 938 3927 amaret:

334 3968 493 4036 Frustra3
516 3985 650 4043 natuque
667 3986 708 4025 ea
731 3985 791 4028 nec
815 3963 971 4029 'sonantis
993 3982 1086 4029 uxor

333 4067 407 4127 Nec
428 4060 549 4129 Bacchi
561 4080 630 4120 nec
648 4062 811 4140 Apollinis
828 4065 939 4145 puella
1020 4108 1023 4113 -

334 4165 462 4238 Erepto
483 4156 544 4218 sibl
564 4156 688 4222 vireret
710 4160 847 4228 Caleno.

1286 304 1300 365 5
