2750 4744
43 383 286 468 Censoremque
310 395 396 448 tuum
420 385 472 448 vel
495 386 583 468 quod
605 386 748 448 trabeate
771 382 914 447 salutas?

40 489 95 550 Ad
116 488 275 570 populum
297 486 459 570 phaleras.
505 490 583 567 Ego
606 500 637 550 te
658 487 742 550 intus
765 498 797 550 et
818 487 849 550 in
873 496 945 548 cute
968 481 1059 548 novi.

41 591 118 653 Non
144 592 245 672 pudet
267 592 305 652 ad
329 611 448 652 morem
473 588 618 652 discincti
644 589 755 652 rivere
777 586 917 651 Nattae?

42 693 106 754 Sed
129 704 237 775 stupet
261 695 316 757 hic
345 692 424 754 vitio
448 703 479 753 et
500 692 591 754 libris
613 692 748 754 increvit
773 690 912 772 opimum

42 794 197 878 Pingue:
222 806 309 857 caret
335 776 450 875 culpa,
473 794 575 856 nescit
598 793 673 878 quid
700 797 815 875 perdat
837 806 869 855 et
892 795 956 856 alto

40 897 237 972 Demersus,
262 917 381 958 summa
404 918 515 958 rursus
541 917 604 959 non
627 896 721 957 bullit
744 886 776 957 in
802 897 898 958 unda.

43 999 170 1081 Magne
195 1009 288 1079 pater
311 998 439 1073 dietim,
463 1018 579 1061 saevos
601 997 714 1078 punire
736 1010 891 1077 tyrannos

41 1102 141 1163 Haud
165 1102 224 1162 alia
246 1098 370 1162 ratione
396 1099 491 1174 velis,
508 1122 614 1185 'quom
637 1099 705 1162 dira
728 1099 828 1163 libido

42 1202 194 1266 Moverit
214 1203 371 1286 ingenium
396 1200 535 1263 ferventi
558 1200 654 1264 tincta
676 1223 827 1265 veneno:

42 1303 210 1366 Virtutem
234 1304 360 1365 videant
383 1302 645 1386 intabescantque
666 1306 795 1367 relicta!

42 1407 139 1469 Anne
162 1404 262 1488 magis
286 1404 385 1468 Siculi
409 1416 597 1487 gemuerunt
620 1426 693 1468 aera
722 1406 869 1481 iuvenci,

42 1509 88 1570 Et
111 1506 213 1589 magis
240 1506 357 1568 auratis
379 1509 520 1587 pendens
542 1506 745 1590 laquearibus
767 1508 849 1570 ensis

43 1612 231 1691 Purpureas
255 1610 366 1670 subter
388 1611 532 1671 cervices
555 1609 688 1684 terruit,
714 1610 839 1686 „imus,

42 1711 132 1774 Imus
155 1709 347 1791 praecipites
360 1708 392 1784 ''‚
417 1731 509 1792 quain
532 1710 559 1772 si
582 1710 643 1782 sibi
666 1712 748 1774 dicat
772 1725 804 1775 et
828 1714 911 1776 intus
941 1712 945 1726 '

43 1812 172 1876 Palleat
192 1811 319 1887 infelix,
346 1813 433 1892 quod
453 1812 600 1892 proxima
622 1813 741 1876 nesciat
767 1815 878 1878 saxon?
900 1847 942 1858 —

45 1918 150 1997 Saepe
174 1915 304 1988 oculos,
328 1912 474 1988 memini,
499 1916 669 1996 tangebam
694 1937 813 1996 parvus
837 1917 947 1997 oliro,

45 2016 188 2082 Grandia
209 2015 237 2078 si
260 2015 376 2079 nollem
401 2016 547 2078 morituri
575 2018 673 2078 verba
698 2016 832 2081 Catonis

44 2118 201 2193 Discere,
226 2138 291 2181 non
317 2137 396 2181 sano
420 2117 549 2178 multum
573 2118 728 2180 laudanda
753 2119 926 2203 uragistro,

46 2221 139 2299 Quae
164 2232 254 2301 pater
278 2221 418 2281 adductis
440 2221 555 2281 sudans
577 2210 700 2282 aitdiret
724 2220 846 2284 amicis.

46 2324 151 2386 lure:
178 2323 291 2386 etenim
315 2320 346 2384 id
367 2340 541 2397 summum,
566 2320 643 2403 quid
665 2324 777 2384 dexter
798 2323 885 2387 senio
908 2322 1030 2401 ferret,

116 2484 163 2532 29.
184 2481 374 2545 censoremque]
388 2484 485 2531 TRVA.
503 2508 531 2518 -
547 2481 708 2531 censoremve
720 2486 796 2532 Esttt.
811 2488 847 2532 lb.
867 2509 895 2520 -
910 2493 979 2533 tuum
991 2487 1057 2548 quod
1067 2494 1093 2533 tu
1103 2488 1169 2534 trab.

48 2556 77 2599 E.
99 2577 134 2590 —
154 2561 223 2599 tuum
247 2568 304 2598 eum
332 2560 358 2599 tu
375 2554 441 2600 trab.
461 2556 556 2599 solutes
574 2555 632 2599 ΒΜ.
653 2558 705 2609 (sed
724 2558 777 2602 M.:
798 2557 918 2612 solutos.)
956 2556 998 2606 30.
1020 2582 1052 2592 -
1065 2555 1171 2617 soleres

43 2622 91 2669 Rs.
132 2621 173 2671 31.
197 2646 225 2657 -
246 2637 329 2668 mores
346 2626 377 2669 V.
404 2625 440 2669 lb.
461 2648 493 2658 —
512 2624 628 2669 distincti
647 2627 694 2672 SA.
713 2626 749 2670 lb.
764 2646 798 2659 ·-
815 2633 873 2669 nate
887 2627 958 2671 RES.
978 2651 1010 2661 -
1030 2633 1102 2671 nacte
1117 2627 1170 2671 ΤΑ.

44 2717 75 2728 -
95 2691 218 2748 Nocens,
239 2692 321 2738 Notae
343 2694 372 2738 F.
428 2691 470 2739 32.
490 2694 549 2738 vitio
568 2692 610 2739 liic
631 2694 679 2739 RS.
726 2691 768 2738 33.
788 2717 821 2729 -
839 2694 905 2754 quod
926 2696 963 2739 M.
1011 2693 1053 2740 34.
1074 2720 1107 2730 -
1124 2695 1172 2740 Dt-

44 2763 143 2807 mieaue
176 2764 209 2806 V.
238 2764 274 2806 lb.
303 2784 332 2795 -
352 2777 455 2807 rursum
482 2763 513 2807 tt.
572 2759 613 2808 35.
642 2773 681 2810 mn
707 2777 792 2808 scenos
819 2765 850 2808 T.
915 2761 956 2808 38.
988 2786 1017 2795 -
1049 2763 1173 2808 Virtutem

44 2839 71 2877 ut
97 2831 203 2876 rideant
221 2832 272 2876 Fa,
323 2829 366 2878 40.
391 2830 424 2876 Et
443 2830 541 2891 mugit]
566 2831 656 2876 Omnes
687 2835 744 2876 arrei.
771 2851 805 2863 -
830 2830 881 2876 Aut
906 2833 992 2892 magis
1017 2832 1083 2876 Unus
1098 2826 1169 2876 *Actu

45 2899 88 2947 tt.
109 2926 144 2934 —
165 2914 230 2946 unus
254 2901 306 2948 RE.
356 2901 383 2945 ln
402 2902 432 2945 R.
451 2915 573 2956 superscr.
593 2902 668 2945 imus.
708 2899 749 2945 tt.
773 2922 802 2933 -
822 2901 896 2960 quasi
912 2901 962 2944 eibi
985 2903 1016 2945 V.
1055 2898 1097 2945 tt.
1117 2907 1171 2945 ton·

44 2969 147 3030 gesara]
181 2969 270 3015 Omnes
288 2971 344 3016 mei.
365 2991 394 3002 -
414 2970 542 3030 tingebam
558 2971 618 3027 Foq.
640 2971 664 3013 in
691 2974 813 3014 contextu.
874 2967 916 3013 46.
941 2968 1062 3028 Discere]
1082 2969 1172 3023 Omnes

44 3042 102 3084 mei.
155 3039 193 3082 lb.
212 3051 261 3082 non
279 3035 353 3097 sano]
378 3038 408 3086 E.
428 3063 462 3073 -
480 3038 511 3082 ob
530 3039 621 3083 insono
643 3038 718 3089 ΤΙΙΑ.
739 3062 771 3072 -
797 3044 820 3081 et
838 3039 929 3087 insano
950 3040 1028 3085 VSM.
1077 3036 1119 3083 48.
1139 3061 1173 3072 ·-

45 3110 139 3156 etenim
156 3121 282 3167 summum
302 3109 334 3152 T.
353 3132 387 3142 -
405 3109 496 3152 etenim
513 3107 541 3152 id
558 3121 655 3152 summo
671 3108 773 3152 uttam.
806 3107 843 3150 lb.
863 3129 896 3140 -
915 3108 958 3165 qui
978 3107 1069 3151 dexter
1088 3108 1119 3155 Τ.
1140 3129 1173 3140 -

45 3192 92 3237 qno
108 3177 136 3222 d.
156 3179 190 3222 V.
210 3201 243 3211 —
261 3175 327 3235 quod
343 3177 368 3222 d.
388 3178 424 3221 M.

118 3318 164 3364 29.
185 3315 349 3363 Censoremne
370 3320 398 3361 de
417 3318 521 3364 Casaub.
542 3320 605 3362 coni.
624 3333 646 3362 r.
686 3315 728 3362 34.
747 3331 797 3362 non
815 3320 909 3362 rurant
926 3332 948 3362 r.
987 3315 1029 3363 38.
1049 3315 1173 3364 Virtutem

46 3395 72 3433 ut
89 3388 194 3433 videant
209 3402 233 3443 p.
271 3385 313 3431 40.
333 3385 533 3447 Aotmugt'srp.
573 3385 616 3432 46.
633 3385 728 3431 Dicere
747 3401 769 3434 r.
808 3387 844 3432 lb.
865 3386 896 3431 ud
914 3388 1006 3432 insono
1026 3402 1050 3444 p.

48 3479 202 3492 t—-fl—

46 3532 124 3587 sionis
147 3545 162 3573 a
184 3532 316 3590 genealogo
334 3531 357 3574 in
377 3536 501 3577 stemmate
520 3537 660 3575 numeratus
681 3528 808 3575 obtineas?
832 3531 869 3574 vel
888 3529 911 3572 in
931 3531 1036 3586 equitnm
1054 3530 1174 3576 Romano·

45 3614 100 3643 rum
122 3601 289 3658 recognitione
312 3600 432 3643 trabeatus
459 3613 586 3644 censorem
606 3602 675 3644 donis
696 3599 840 3643 militaribus
867 3599 967 3656 insignis
992 3598 1103 3644 salutes?
1129 3601 1175 3655 (sie

45 3669 115 3714 Reiz.
137 3691 172 3701 —-
191 3669 290 3712 salutar
316 3666 396 3723 Pith.)
432 3668 543 3729 Cognitio
562 3670 626 3713 enim
650 3670 754 3726 equitum
776 3669 939 3712 Romanor-mn
961 3670 1102 3715 censoribus
1121 3676 1173 3715 erat

46 3738 176 3791 subiecta,
197 3751 257 3794 quae
276 3751 339 3781 nune
354 3741 479 3783 consulum
498 3745 534 3784 est
555 3739 638 3782 officii.

119 3803 163 3851 37.
183 3804 298 3850 Feroenti
315 3807 394 3849 tincto
413 3807 514 3866 veneno]
534 3808 677 3863 Metaphora
700 3820 715 3848 a
730 3807 798 3859 lana,
824 3820 884 3863 quas
905 3814 1019 3864 corrupta
1040 3812 1069 3854 nd
1088 3810 1176 3865 pristi-

45 3890 103 3920 nmn
123 3876 233 3919 colorem
246 3867 334 3919 reiecti
351 3888 397 3919 non
414 3883 503 3931 potest.
541 3875 583 3922 45.
603 3877 708 3929 Merito,
729 3876 819 3930 iuquit,
839 3877 897 3920 inihi
910 3878 1075 3932 lippitudinem
1093 3891 1175 3922 arces·

45 3945 146 3999 sebam,
180 3957 209 3987 ne
225 3944 325 3987 Catonis
345 3944 524 3990 deliberativam
544 3947 678 3989 orationem
698 3944 844 4000 recitarem,
877 3950 955 3989 utrum
976 3949 1113 4000 moriatur,
1143 3960 1173 3990 an

47 4028 111 4068 non,
133 4017 177 4055 aut
195 4013 280 4069 quibus
299 4012 379 4056 verbis
399 4016 431 4058 uti
452 4018 542 4070 potuit,
563 4028 635 4071 quom
656 4027 682 4058 se
701 4015 833 4058 destinaret
851 4013 995 4060 interficere.
1034 4016 1122 4072 (Vetus
1138 4015 1176 4058 in·

46 4089 162 4137 terpres:
191 4082 279 4135 „Oculi
304 4084 359 4125 oleo
383 4083 439 4128 tacti
458 4084 629 4139 perturbantur
645 4084 674 4127 ad
697 4084 818 4139 tempus.''
853 4083 957 4127 Cnsaub.
978 4084 1003 4126 in
1022 4080 1173 4137 Commeat.)

46 4149 90 4196 ts.
112 4151 204 4204 Senio,
232 4152 312 4195 maior
330 4151 434 4198 missus:
462 4158 488 4196 ut
506 4154 592 4206 conis,
611 4154 700 4196 minor.
738 4153 844 4204 Merito,
864 4151 911 4207 (sie
927 4151 983 4196 Cas.
1003 4151 1072 4192 Reiz.
1095 4171 1125 4181 ·-
1147 4156 1174 4194 nt

46 4220 146 4265 Scaena
164 4214 198 4276 [in
222 4234 275 4264 var.
302 4222 385 4266 leeth:
417 4221 530 4266 &cenet
563 4223 601 4265 ΑΙ.
622 4218 699 4278 Seno]
718 4222 843 4264 immerito
865 4215 943 4273 Pith.)
961 4218 1056 4276 inquit,
1084 4216 1172 4258 flebam

47 4292 127 4343 istos,
149 4290 195 4347 (sie
217 4290 284 4335 lleia.
306 4314 338 4324 -·
357 4291 422 4335 istae
442 4291 506 4335 Pith.
528 4313 560 4323 -
578 4291 629 4335 isto
650 4286 723 4344 Cas.)
742 4300 813 4344 quom
832 4297 926 4338 semper
945 4283 1059 4325 luderem.
