2736 4748
210 191 272 254 tto

209 347 274 427 Qui
294 345 373 410 ioris
396 348 498 409 nodos
521 356 552 407 et
574 345 680 427 legum
704 341 880 426 aenigmata
903 343 1020 404 solvat.

208 451 272 512 Hie
293 448 373 530 petit
395 448 583 529 Euphraten
605 444 727 507 iuvenis
750 442 925 528 domitique
946 443 1063 506 Batavi
1090 504 1095 508 .

209 553 371 618 Custodes
393 549 534 632 aquilas,
561 547 654 610 arinis
677 546 870 609 industrius:
896 557 928 607 at
950 558 984 607 tu
1053 546 1057 553 ’

209 653 262 717 Nil
286 651 346 715 nisi
368 649 567 732 Cecropides
589 661 772 731 truncoque
794 648 971 711 simillimus
994 649 1157 710 Hermae:

208 756 307 819 Nullo
331 753 451 837 quippe
474 752 536 815 alio
560 750 660 813 vincis
684 750 882 825 discrimine,
908 772 1001 834 quam
1025 753 1111 833 quod

212 856 261 920 llli
283 876 494 919 marmoreum
519 863 614 934 caput
637 864 701 928 est,
725 865 779 914 tua
802 851 884 915 vivit
905 851 1027 935 imago.

210 956 274 1029 Dic
296 958 388 1033 mihi,
413 958 614 1019 Teucrorum
638 956 765 1036 proles,
790 954 935 1016 animalia
959 966 1044 1017 muta

211 1061 291 1142 Quis
314 1079 472 1144 generosa
494 1068 583 1140 putat
605 1056 664 1118 nisi
685 1055 812 1118 fortia?
835 1058 960 1137 Nempe
984 1057 1150 1120 volucrem

211 1163 264 1226 Sic
286 1163 448 1225 laudamus
471 1181 604 1244 equum,
628 1158 714 1220 sacili
737 1157 786 1220 cui
808 1157 945 1240 piurima
967 1158 1070 1239 palma

209 1267 330 1328 Fervet
352 1276 383 1326 et
405 1262 543 1325 exsultat
565 1281 665 1324 rauco
689 1260 825 1324 victoria
849 1260 949 1323 circo.

208 1366 337 1430 Nobilis
359 1365 427 1440 hie,
453 1383 643 1447 quocunque
666 1361 755 1426 venit
777 1364 815 1425 de
839 1362 997 1446 gramine,
1023 1362 1112 1425 cuius

210 1468 307 1532 Clara
330 1467 407 1550 suga
430 1478 501 1527 ante
525 1465 605 1529 alios
628 1475 659 1527 et
681 1463 802 1546 primns
825 1464 856 1527 io
878 1485 1020 1548 aequore
1042 1464 1165 1545 pulvis.

210 1571 275 1632 Sed
297 1569 408 1632 venale
430 1588 527 1647 pecus
551 1566 719 1646 Corythae
742 1565 916 1648 posteritas
939 1578 970 1629 et

209 1669 356 1751 Hirpini,
382 1669 407 1732 si
431 1690 503 1731 rara
525 1668 603 1750 iugo
626 1666 776 1731 Victoria
798 1668 891 1730 sedit.

210 1773 264 1835 Nil
286 1771 331 1834 ibi
354 1769 506 1834 maiorum
530 1782 715 1851 respectus,
741 1770 844 1854 gratia
865 1771 950 1833 nulla

210 1875 418 1939 Umbrarum:
445 1872 593 1935 dominos
615 1871 727 1954 pretiis
750 1884 871 1935 mutare
893 1872 1044 1935 iubentur

210 1974 366 2059 Exigitis,
391 1974 467 2037 trito
491 1976 609 2037 ducunt
631 1974 770 2056 epicedio
793 1975 880 2038 collo

211 2077 406 2161 segnipedes
430 2076 581 2159 dignique
605 2077 718 2140 molam
743 2094 873 2138 versare
897 2077 1049 2159 Nepotis.

210 2181 323 2261 Ergo,
351 2189 385 2240 nt
408 2179 557 2240 miremur
578 2189 628 2252 te,
654 2198 717 2241 non
742 2188 817 2252 tua,
839 2179 974 2259 primum
999 2178 1119 2263 aliquid
1141 2180 1197 2255 da,

212 2280 310 2360 Quod
332 2278 451 2360 possim
475 2279 571 2341 titulis
594 2277 731 2341 incidere
753 2291 883 2361 practer
904 2280 1067 2356 hencres,

211 2381 303 2461 Quos
325 2380 386 2443 illis
408 2382 516 2443 damus
540 2401 578 2443 ae
600 2380 764 2457 dedimus,
790 2381 906 2464 quibus
929 2382 1032 2445 omnia
1055 2384 1166 2445 debes.
1292 2383 1328 2443 70

253 2483 344 2544 Haec
365 2480 440 2545 satis
465 2484 504 2542 ad
523 2480 691 2557 iuvenem,
717 2504 809 2566 quem
834 2484 928 2547 nobis
949 2484 1033 2547 sama
1055 2486 1229 2566 superhum

212 2583 326 2647 Tradit
347 2596 378 2645 et
400 2583 540 2644 inflatum
563 2584 754 2668 plenumque
777 2587 909 2650 Nerone
931 2587 1130 2670 propinquo.

122 2696 124 2703 “
211 2687 316 2752 Rarus
338 2684 419 2748 enim
441 2685 541 2749 ferme
563 2706 672 2748 sensus
696 2687 873 2750 communis
895 2687 926 2750 in
949 2687 1003 2752 illa

211 2788 368 2849 Fortuna.
415 2788 479 2850 Sed
502 2797 532 2847 te
555 2785 676 2848 censeri
698 2786 791 2848 lande
813 2799 957 2867 tuorum,

213 2887 365 2964 Pontice,
390 2886 564 2961 noluerim,
588 2886 635 2949 sie
657 2899 691 2949 ut
713 2887 790 2950 nihil
812 2889 879 2972 ipse
902 2890 1028 2963 suturae
1297 2894 1332 2957 75

210 2989 332 3052 Laudis
355 3010 444 3073 ages.
490 2987 647 3051 Miserum
672 3001 718 3052 est
741 2989 859 3053 alienae
882 2990 1065 3055 incumbere
1087 2993 1212 3069 lernae,

280 3204 322 3249 62.
342 3202 478 3264 corythae]
495 3205 535 3249 Sic
553 3204 605 3249 FG.
624 3206 714 3262 Volgo.
737 3226 766 3237 -
786 3205 881 3249 coritae
896 3206 948 3250 Ae.
969 3229 1002 3244 ψ-
1020 3204 1116 3251 corithe
1134 3207 1209 3252 Bos.
1231 3200 1270 3245 -ἰ
1293 3206 1334 3252 Co·

210 3269 269 3330 ryfe
287 3274 385 3327 Schol.,
418 3276 477 3318 unde
496 3273 614 3317 Schurzfl.
634 3274 710 3318 secuti
724 3274 827 3318 ¹Weberi
841 3274 911 3317 amho
930 3289 977 3318 nou
996 3277 1058 3320 ritate
1079 3272 1226 3334 Coryphaei
1231 3290 1243 3330 ;
1262 3291 1334 3335 quum

210 3343 249 3385 rix
268 3343 397 3399 excogitari
413 3344 489 3397 possit
516 3355 577 3395 „cur
596 3338 734 3400 Corythus,
755 3357 802 3386 non
820 3339 926 3401 Corythi
941 3346 1056 3399 scriptum
1076 3346 1108 3388 sit
1124 3350 1149 3388 et
1167 3347 1269 3399 priores
1289 3349 1334 3400 syl·

211 3410 293 3460 labae,
314 3424 373 3467 quae
393 3411 477 3455 breves
499 3416 554 3453 suot
568 3412 629 3466 apud
642 3413 712 3469 vti-g.
733 3410 794 3455 Aen.
816 3410 846 3465 7,
867 3408 926 3456 2⁰9.
942 3411 971 3466 9,
994 3410 1035 3457 to.
1057 3418 1080 3457 ct
1100 3411 1172 3466 719„
1191 3414 1219 3458 h.
1242 3417 1262 3459 Ι.
1281 3429 1335 3470 pro-

210 3482 338 3524 ducantur.
372 3480 396 3523 st
414 3484 533 3535 scriptura
552 3477 676 3538 corythae
697 3494 754 3524 vera
773 3485 819 3535 est,
842 3494 927 3536 equum
946 3482 1056 3539 intelligo
1077 3482 1100 3525 in
1121 3486 1204 3526 monte
1226 3484 1335 3538 Corytho

209 3551 248 3593 rel
266 3549 289 3592 in
305 3548 404 3606 regione
426 3562 500 3603 prope
518 3548 668 3601 Corythum,
688 3549 800 3593 Etruriae
821 3550 919 3603 urbem,
939 3551 1083 3593 nutritum.”
1119 3550 1184 3594 llaec
1204 3553 1261 3597 ille.
1282 3554 1336 3596 hm·

209 3617 306 3675 bigotum
333 3618 389 3661 item
410 3632 496 3662 nornen
514 3618 608 3672 Hirpini
632 3615 754 3674 (Harpinr'
773 3615 825 3674 R),
847 3623 925 3661 utrum
943 3619 973 3661 alr
995 3619 1102 3673 Hirpinis
1121 3621 1213 3672 populo
1232 3622 1334 3674 ltaliae,
1364 3654 1365 3661 ,

209 3687 328 3743 contiguis
346 3687 506 3740 Samnitibus,
526 3699 573 3739 ao,
593 3688 655 3743 qood
668 3688 719 3730 uult
732 3686 822 3740 Web.‚
843 3687 872 3730 ab
891 3682 985 3753 ἴρπος,
1005 3688 1023 3730 1.
1046 3701 1069 3730 e.
1089 3679 1205 3754 ἄρκος,
1226 3682 1335 3758 ἅρπαξ,
1364 3712 1365 3743 r

210 3757 294 3809 lopus,
314 3754 337 3796 io
356 3755 435 3812 lingua
455 3756 608 3799 Sabinorum.
646 3755 769 3811 Equorum
787 3757 854 3800 varia
872 3756 968 3798 nomina
984 3740 1060 3800 hahes
1078 3756 1103 3798 iu
1123 3755 1254 3811 Inscriptt.
1279 3760 1336 3803 ineis

208 3825 262 3871 Lat.
287 3823 318 3867 N.
338 3820 397 3868 824.
423 3820 502 3869 2593.
526 3821 603 3868 4322.
652 3822 693 3868 6⁶.
714 3825 820 3883 tritoque
844 3823 939 3868 diccunt
956 3825 986 3868 ’1.
1007 3826 1039 3868 al.
1060 3823 1139 3868 Scrih.
1163 3825 1338 3881 spir-odiant

208 3891 369 3952 epirrhedt'o,
397 3907 444 3937 non
462 3906 520 3938 vero
538 3891 677 3950 epirhedia.
699 3893 751 3938 cfr.
772 3895 853 3951 Quint.
876 3892 899 3946 l,
921 3889 950 3947 5,
979 3890 1020 3937 68.
1041 3898 1065 3936 ct
1083 3893 1196 3937 Schneid.
1219 3895 1272 3940 lat.
1294 3894 1337 3941 Gr.

211 3963 234 4017 1,
255 3977 277 4018 p.
299 3960 359 4006 212.
396 3963 456 4007 Sunt
478 3963 530 4006 lora
553 3962 602 4018 iugi
620 3963 643 4004 in
664 3962 747 4006 rheda.
795 3960 939 4019 67.⁰Nepos
957 3962 1070 4015 molitor,
1103 3962 1216 4007 Martiali
1243 3979 1339 4021 quoqne

209 4037 365 4074 ineman-stus.
416 4029 457 4074 68.
479 4029 582 4084 privum
603 4030 705 4071 Salmas.
724 4032 787 4078 coni.
846 4027 887 4075 70.
908 4043 938 4073 ac
956 4027 1083 4087 dedimus]
1102 4030 1141 4073 Sic
1161 4031 1289 4078 ABEFG.
1310 4056 1339 4067 -··

210 4103 254 4140 cut
270 4098 327 4143 ded.
347 4098 402 4141 CD.
422 4117 457 4131 -
474 4100 497 4137 et
514 4093 571 4136 ded.
591 4096 680 4150 Vulgo.
700 4119 732 4132 π-
750 4105 774 4142 et
791 4097 906 4143 debemur
925 4101 1015 4143 Marhl.
1071 4097 1112 4142 ll.
1132 4098 1209 4144 nobie
1231 4109 1340 4146 stemma

211 4165 313 4209 lacobsii
342 4164 457 4218 suspicio.
496 4158 538 4204 73·
562 4179 598 4194 ·-
615 4173 716 4204 uotum
738 4179 891 4211 communem
910 4168 992 4212 Schol.
1012 4169 1184 4222 interpretatur
1210 4173 1340 4224 „animum

213 4245 259 4276 non
281 4231 422 4282 inflatum,''
452 4232 478 4271 111
499 4227 540 4272 alii
569 4229 796 4280 ..popularitaton.”
844 4237 890 4281 Sed
915 4243 953 4281 est
974 4239 1053 4292 potius
1070 4238 1094 4280 le
1115 4250 1176 4281 sena
1196 4252 1338 4291 commun,
