2762 4762
1140 209 1202 275 389

166 357 385 425 Deorrsoente
405 356 485 424 nihil
505 358 625 444 spatio.
661 359 753 445 'Quin
773 361 899 448 proluit
919 364 1057 450 amplum

255 457 311 525 Sic
332 471 461 527 arcuata
481 464 624 547 pandere
1160 468 1203 534 50

342 562 477 629 Vellera
497 565 587 630 visus
608 564 695 632 olor.

170 701 295 767 Mansit
315 712 349 767 et
369 702 402 766 in
422 701 499 769 viva
519 705 652 790 longum
672 704 829 771 testudine
850 707 983 775 collum.

257 806 396 869 Tantum
418 804 543 871 moveri
562 807 702 872 molliter

340 908 449 973 Docta
470 908 578 993 puella
599 909 698 975 dedis.

174 1047 303 1132 Bonus,
324 1044 380 1110 nbi
401 1048 538 1111 chordas
555 1047 638 1113 clavi
658 1058 809 1127 tenuere,
832 1070 969 1117 recurva
1163 1054 1201 1117 55

256 1148 373 1214 Rostri
392 1149 530 1234 figuram
551 1148 693 1234 concipit

202 1248 207 1261 ⁴
341 1250 519 1315 Debilioris
541 1250 623 1351 avis.

86 1413 87 1416 ¹
175 1391 256 1453 Nam
278 1410 337 1453 nec
358 1409 489 1454 acumen
509 1390 622 1467 habet,
646 1388 728 1454 sicut
750 1411 853 1476 neque
875 1393 980 1457 bnxns
1001 1393 1160 1468 habebat;

262 1493 434 1575 Tantoquc
456 1491 542 1556 vires
563 1492 698 1575 corpori
1038 1578 1040 1582 ,

341 1595 417 1658 Non
440 1592 527 1678 gerit
547 1614 607 1658 ore
627 1615 735 1678 pares.
1164 1597 1206 1659 60

103 1827 105 1831 .
178 1730 278 1798 Plura
299 1734 388 1813 lyrae
409 1731 539 1810 similis,
563 1752 623 1797 nec
643 1745 714 1801 tota
735 1755 754 1800 a
774 1734 875 1820 stirpe
897 1736 1060 1821 negandus

256 1835 409 1900 Exsultat
428 1835 513 1898 inter
535 1835 646 1900 fusiles

341 1937 504 2001 Lubricns
525 1958 618 2002 anser
638 1958 749 2022 aquas.

173 2077 280 2156 Hinc,
303 2077 391 2162 quia,
415 2098 513 2163 quom
535 2080 661 2142 caderet
682 2077 771 2159 lyra,
793 2076 856 2142 iam
879 2095 1030 2160 percussa
1052 2077 1203 2152 canebat;

259 2179 411 2245 Servavit
431 2183 512 2244 odae
533 2179 680 2264 spiritum
1163 2172 1204 2241 65

342 2282 534 2366 Aoniosque
557 2284 682 2346 modos.

174 2421 285 2497 „Vive
307 2443 429 2486 mernor
450 2419 595 2499 nostri,”
616 2418 727 2484 vitreis
748 2420 929 2484 modulatur
949 2417 982 2483 in
1004 2417 1119 2484 tendis:

257 2569 273 2598 ,‚
281 2524 431 2587 Facundo
452 2522 593 2600 Nestor,
616 2518 765 2599 Nestoris

344 2625 459 2688 Secula
479 2625 578 2709 longa
599 2622 686 2688 vide.

175 2765 315 2829 Stamina
336 2773 385 2827 tot
405 2762 577 2839 Lachesis,
601 2758 753 2845 Memmi,
777 2760 836 2825 libi
855 2759 975 2844 pollice
997 2761 1112 2836 ducat,
1166 2760 1207 2821 to

258 2866 390 2931 Plumae
412 2875 492 2949 qoot
513 2864 655 2926 albentes
676 2883 776 2948 gero,

341 2965 539 3031 Candidiora
559 2963 667 3085 ineis?

174 3108 265 3171 Haec
285 3105 371 3168 latus
393 3126 464 3169 sese
487 3090 636 3168 musloso
659 3101 801 3168 condidit
823 3113 930 3166 antro.

261 3207 406 3272 Conlusa
427 3205 523 3270 bullis
541 3205 649 3269 ultima
855 3295 857 3298 Α

341 3309 423 3374 Vox
444 3326 574 3392 quoque
595 3327 721 3371 carmen
744 3316 826 3370 erat.

418 3650 529 3716 ,xxi
566 3612 865 3716 Pn‘onoslo.

247 3772 376 3838 Anima
397 3771 621 3838 Philomelam
640 3769 688 3832 ad
708 3767 899 3831 canendum
919 3765 1054 3833 ἰηυίεαι.

178 3913 208 3976 Ο
231 3934 312 3998 qnae
333 3933 393 3995 per
414 3931 580 3983 nemorum
601 3908 699 3974 saltus
719 3916 751 3971 et
772 3926 907 3971 amoena
928 3906 1030 3971 vireta

260 4013 394 4078 Gratior
415 4031 477 4074 una
498 4011 609 4088 volas,

173 4118 267 4193 Huc,
292 4136 374 4199 age,
398 4111 545 4178 frondosi
567 4114 677 4179 ludens
699 4113 730 4177 in
753 4112 838 4176 valle
859 4110 993 4187 theatri,

260 4219 354 4296 Huc,
379 4215 576 4295 Philomela,
601 4215 686 4279 veni.
