2750 4744
32 372 182 435 Maternis
207 372 321 439 laudor
345 370 485 436 lacrimis
510 372 663 458 urbisque
685 373 844 458 querelis,

84 473 228 538 Defensa
243 476 279 535 'et
297 476 416 557 gemitu
439 473 587 538 Caesaris
610 495 682 538 ossa
713 495 794 538 inea.

31 576 84 637 llle
105 597 162 637 sua
184 587 257 638 nata
281 575 406 659 dignam
430 575 549 639 vixisse
579 594 726 640 sororem

88 678 241 757 Increpat
258 689 288 738 et
310 678 458 739 lacrimas
480 676 614 739 vidimus
637 678 684 739 ire
705 680 780 741 deo.

31 781 71 841 Et
92 790 196 841 tamen
218 778 336 841 emerui
361 776 537 861 generosos
561 778 658 841 vestis
683 780 845 855 honores,

90 880 160 943 Nec
183 900 251 941 mea
274 882 312 941 de
335 879 436 941 sterili
455 879 540 941 sacta
567 879 676 962 rapina
697 883 806 946 domo.

31 983 96 1056 Τιι,
118 981 263 1061 Lepide,
288 993 319 1043 et
345 993 397 1056 1ιι,
422 981 553 1055 Paullo,
576 994 679 1043 meum
706 993 781 1062 post
801 982 868 1044 sata
890 983 1057 1058 levamen,

90 1081 228 1146 Condita
249 1094 322 1144 sum
345 1093 454 1145 nestro
476 1081 593 1144 lumina
616 1094 724 1145 nostra
747 1082 832 1145 siau.

31 1183 174 1246 Vidimus
196 1195 228 1245 et
249 1185 381 1247 fratrem
405 1183 512 1261 sellam
536 1181 714 1267 geminasse
737 1184 899 1259 curulem,
1101 1184 1144 1248 65

90 1284 231 1349 Consule
253 1306 320 1366 quo
340 1285 427 1347 facto
448 1297 594 1366 ternpore
618 1297 709 1366 rapta
730 1304 839 1371 soror.
935 1288 937 1293 '

31 1386 125 1461 Filia,
149 1398 184 1448 tu
204 1385 366 1468 specimen
388 1407 541 1448 censurae
563 1397 635 1448 nats
655 1398 829 1467 paternae,

89 1490 153 1550 Fac
176 1499 284 1550 teneas
308 1508 406 1548 ιιιιιιιιι
425 1507 484 1550 nos
506 1487 625 1549 imitata
650 1487 772 1563 virum.

31 1592 73 1652 Et
95 1588 176 1652 serie
198 1589 308 1651 fulcite
330 1609 442 1672 genus.
487 1587 574 1650 Mihi
596 1592 707 1668 cymba
730 1590 854 1653 volenti

90 1691 235 1754 Solvitur
258 1690 397 1752 aucturis
415 1700 465 1751 tot
487 1711 554 1752 mea
577 1690 642 1753 fata
666 1692 766 1754 unalis.

32 1794 184 1855 Haereat
206 1790 333 1854 feminei
358 1811 478 1852 merces
504 1801 648 1873 extrema
670 1791 843 1875 triumphi,

90 1895 215 1956 Laudat
239 1892 294 1955 ubi
315 1890 480 1954 emeritum
501 1891 600 1953 libera
622 1894 704 1956 lama
729 1914 858 1978 rogum.

32 1996 120 2057 Nunc
141 1993 198 2057 tibi
225 1995 411 2060 commendo
433 1993 609 2056 commrmia
634 1994 775 2077 pignora
799 2009 914 2061 natos:

88 2097 178 2158 Haec
200 2116 277 2157 cura
300 2106 332 2157 et
354 2093 453 2156 cineri
475 2094 575 2176 spirat
596 2093 699 2157 inusta
723 2100 809 2160 meo.

30 2199 175 2281 Fungere
199 2195 347 2259 maternis
370 2195 493 2258 vicibus
504 2200 518 2271 ,’
538 2205 652 2276 pater:
672 2196 725 2258 illa
748 2219 892 2262 meorum
924 2248 928 2251 Α
1098 2201 1140 2262 75

88 2298 198 2364 Omnis
220 2297 281 2360 erit
301 2299 388 2362 collo
412 2300 506 2360 turba
527 2297 659 2360 ferenda
681 2309 753 2360 tuo.
955 2294 958 2297 ’

29 2398 143 2464 Oscula
166 2421 265 2483 quom
287 2398 412 2462 dederis
435 2409 488 2461 tua
510 2398 677 2474 flentibus,
703 2399 804 2463 adiice
826 2400 949 2463 matris.
1023 2414 1026 2420 '

88 2485 173 2566 Tota
196 2504 309 2564 domus
323 2499 440 2583 ‚coepit
461 2521 545 2562 nunc
567 2519 648 2563 onus
671 2520 740 2563 esse
762 2511 863 2564 tuum.

28 2681 121 2739 dicitur)
140 2684 170 2727 ad
188 2683 279 2727 Numae
297 2696 397 2741 regnum
418 2683 532 2728 refertur.
552 2696 576 2726 r.
596 2683 698 2736 Dionys.
718 2683 772 2729 Hal.
794 2674 818 2737 2,
840 2681 882 2729 58.
902 2684 957 2729 Val.
978 2684 1045 2729 Max.
1067 2683 1091 2739 1,
1114 2685 1138 2740 1,

30 2750 54 2796 l.
107 2750 147 2797 59.
177 2750 245 2795 Iulia
263 2751 363 2809 Augusti
383 2753 478 2795 danaum
504 2757 589 2808 quarto
617 2752 709 2795 decimo
735 2753 831 2796 circiter
855 2766 916 2796 auno
939 2758 993 2806 post
1011 2754 1140 2798 Corneliae

28 2826 126 2864 mortem
151 2820 267 2878 relegata.
332 2818 373 2864 61.
412 2821 490 2876 Quam
521 2821 613 2864 incerta
652 2821 818 2874 interpretatio
849 2833 1032 2879 generosorum
1064 2822 1140 2866 oests's

27 2886 144 2937 bomrum
170 2890 307 2941 videretur,
328 2901 387 2945 quos
406 2889 515 2944 plerique
531 2890 558 2932 de
574 2893 639 2932 veste
658 2890 785 2935 matronali
806 2889 879 2933 trium
901 2889 1034 2933 liberorum
1055 2891 1140 2934 matri-

27 2958 73 3001 bus
99 2970 214 3002 coseessa
239 2957 388 3016 intelligunt,
417 2957 514 3001 Senten-
537 2958 603 3001 coai.
628 2957 728 3019 stirpis.
784 2954 825 3001 61.
846 2963 930 3002 cestra
947 2982 958 2992 ·
975 2971 1053 3001 nonu
1073 2959 1137 3002 Seni.

28 3026 107 3071 Heius.
129 3027 192 3071 coni.
248 3024 291 3071 66.
320 3027 360 3070 Sic
381 3024 444 3072 Cdd.
472 3023 520 3068 Lt.
542 3025 685 3081 Neutiquam
703 3031 844 3069 construere
862 3038 990 3081 possumus
1009 3032 1137 3082 tempore,

26 3096 126 3139 consule
143 3107 190 3154 quo
200 3089 290 3153 sacto,
317 3099 342 3138 ut
359 3095 392 3138 sit
414 3105 474 3148 pro:
506 3108 557 3147 „eo
573 3099 696 3147 tempore,
729 3107 775 3150 quo
794 3096 877 3138 consul
895 3094 973 3137 taetus
994 3095 1066 3150 est”;
1098 3095 1140 3137 sed

26 3167 133 3220 tempore
153 3177 185 3207 en
206 3165 259 3219 ipsa
273 3161 357 3208 versis
376 3163 567 3207 conforrnatione
584 3163 689 3217 pertinet
710 3163 740 3204 ad
761 3176 784 3205 v.
805 3168 890 3219 rapto.
926 3162 976 3204 lam
993 3161 1038 3204 boc
1060 3163 1142 3216 dupli-

27 3244 79 3274 cern
92 3232 195 3275 admittit
211 3232 414 3287 explicationem:
448 3227 474 3288 a)
492 3244 537 3286 pro
556 3230 679 3286 tempori,
706 3232 826 3286 temperi,
854 3232 872 3274 i.
891 3243 915 3272 e.
935 3231 1008 3273 nimis
1032 3235 1141 3291 mature,

26 3299 96 3343 nirnis
111 3301 176 3344 rito:
197 3299 222 3355 b)
241 3306 349 3355 tompore
367 3304 519 3354 opportuno,
539 3313 595 3354 „me
612 3302 663 3354 ipsa
678 3299 848 3352 nonnolente,
878 3302 958 3353 utpote
981 3311 1042 3354 quae
1061 3303 1141 3342 tamen

26 3366 123 3411 tratrem
140 3368 255 3414 vidissem
276 3369 365 3412 lactum
384 3369 533 3412 consulem.’'
568 3367 600 3410 m
620 3367 680 3410 baur
701 3367 884 3422 explicationem
897 3368 1018 3421 praefero
1031 3368 1142 3423 equidem

25 3446 79 3478 eum
94 3431 220 3492 murtro,
253 3450 325 3494 quum
352 3450 396 3491 per
416 3441 491 3481 totum
513 3449 609 3480 carmen
634 3435 748 3479 Cornelia
770 3435 810 3489 pio
834 3436 857 3478 in
881 3435 947 3478 Deos
968 3436 1049 3478 animo
1074 3439 1159 3479 suam

24 3504 167 3549 voluntatem
179 3507 208 3548 ad
220 3506 328 3550 Deorum
338 3518 359 3552 s.
371 3506 424 3548 Fati
438 3507 504 3549 iussa
522 3505 632 3560 applicet.
669 3503 734 3559 (Alte
750 3501 805 3547 iltrs
819 3502 902 3547 Redeo
919 3501 1018 3546 atamen
1028 3498 1142 3559 fromms

24 3569 208 3632 Ergstung'tu
234 3573 279 3618 des
297 3571 442 3618 Scliclssnls
462 3572 576 3626 Caieta.)
617 3574 683 3626 lam,
715 3586 785 3629 quum
803 3573 849 3615 hoc
864 3585 914 3614 non
937 3572 1045 3615 uiderent
1065 3573 1142 3616 luter·

24 3644 116 3696 pratas,
149 3642 216 3685 saria
238 3643 411 3686 coniecerunt:
431 3638 528 3700 sunere
559 3640 698 3694 Anonpmus
724 3642 824 3699 Anglus.
837 3636 909 3697 sesto
934 3645 1042 3696 tempore
1061 3642 1140 3696 Kopp.

14 3703 72 3764 soti
88 3710 194 3754 crimine
212 3711 321 3755 Broukb.
341 3700 434 3754 &naui
450 3723 499 3770 quo
509 3706 600 3768 factm
616 3715 724 3767 tempore
742 3724 765 3753 r.
784 3718 813 3752 ι.
827 3709 926 3753 Lacum.
946 3708 970 3752 in
990 3709 1036 3753 Ed.
1060 3724 1098 3766 pr.
1110 3731 1144 3744 --

23 3771 128 3822 Consule
146 3791 210 3837 qno,
238 3775 332 3837 infecto
352 3786 461 3835 tempore
484 3793 507 3826 r.
528 3790 550 3821 s.
570 3778 657 3831 laceb,
684 3779 746 3834 quod
775 3777 899 3821 Latinitati
921 3779 1090 3837 adversatur.j
1111 3781 1139 3824 ln

13 3842 83 3901 *Adi
109 3852 188 3891 tasnen
204 3847 267 3902 ,ipse
289 3861 382 3905 quoque
403 3849 483 3891 redire
510 3847 604 3891 videtur
630 3847 658 3889 ad
685 3847 790 3891 Beklseri
813 3847 938 3901 interpret.
1004 3845 1142 3902 to.‚,1d00

25 3912 106 3958 libenti
127 3916 209 3959 animo
227 3917 335 3971 morior,
367 3917 423 3974 quia
444 3904 501 3960 fieri
516 3920 612 3969 potest,
638 3919 664 3957 ut
680 3916 755 3959 multa
777 3916 801 3959 in
821 3920 943 3969 posterum
965 3917 1027 3960 rnala
1044 3922 1143 3960 comata·
1161 3917 1166 3931 ⁸

24 3984 76 4025 turs
98 3984 147 4028 sint
171 3985 306 4041 longiorem
324 3985 424 4029 vitamst
470 3984 550 4028 Locus
572 3987 610 4027 est
635 3983 790 4037 sanissimus,
816 3986 861 4028 etsi
888 3998 903 4027 a
928 3985 1010 4027 multis
1028 3986 1142 4028 vexatus:

23 4047 120 4096 Lacbm.
139 4053 164 4095 in
187 4052 234 4097 Ed.
253 4067 291 4108 pr.
311 4054 379 4097 coni„
395 4053 474 4106 meis,
506 4064 578 4096 seusu
599 4051 698 4107 aliquo,
717 4066 765 4096 non
783 4057 861 4098 tumen
881 4056 951 4097 extra
971 4051 1145 4094 dubitationem

22 4117 111 4171 posito.
142 4119 247 4177 („qunm
267 4122 346 4177 ampla
370 4126 483 4175 nepotum
507 4133 549 4175 spe
571 4133 625 4164 mea
647 4120 696 4163 iata
721 4122 815 4164 maiora
843 4121 932 4163 factum
952 4120 983 4161 iri
1004 4119 1144 4172 videam.'’)

23 4184 100 4232 Aaou.
119 4188 238 4235 Etonens.
258 4188 353 4244 Solvit,
380 4189 489 4235 turturis
508 4192 544 4232 tot
557 4201 613 4232 meo
627 4184 687 4246 soto
705 4190 778 4233 mets.
802 4210 829 4222 -
850 4187 943 4239 Solvit,
963 4185 1069 4230 picturis
1083 4191 1144 4243 post

21 4266 78 4298 meo
88 4252 148 4314 satu
172 4259 235 4302 meis
255 4259 337 4303 llerel.

71 4339 161 4396 Eclogae
176 4343 234 4384 Post.
249 4342 293 4383 Lat.
875 4332 915 4393 12
