2772 4750
228 171 290 236 106

227 333 311 397 Post
329 337 426 391 vento
447 331 610 388 crescente
632 316 734 403 magis
756 314 860 401 magis
882 314 1142 390 increbrescunt,

230 435 482 514 Purpureaque,
505 421 624 506 procul
644 431 770 496 nantes,
793 441 811 482 a
833 419 905 483 luce
923 417 1106 502 refulgent:

229 534 285 599 Sic
308 544 374 595 turn
398 525 550 592 vestibuli
571 523 752 610 linquentes
775 521 867 606 regia
887 532 973 584 tecta

227 638 283 702 Ad
305 656 339 698 se
362 630 497 718 quisque
518 649 605 711 vago
627 624 745 708 passim
768 627 850 704 pede
872 623 1090 687 discedebant.

232 730 480 819 Quorum'post
500 728 621 793 abitum
642 725 795 809 princeps
814 747 832 790 e
854 725 978 789 vertice
998 727 1072 790 Peli
1294 725 1350 788 280

231 836 378 904 Advenit
398 833 525 900 Chiron
541 841 677 915 portans
695 827 855 892 silvestria
875 831 978 892 dona:

228 945 313 1007 Nam
338 948 545 1024 quotcunque
566 935 676 997 ferunt
701 931 824 1012 campi,
847 953 930 1016 quos
953 931 1109 997 Thessala
1132 931 1262 1015 magnis

230 1039 404 1108 Montibus
421 1059 480 1103 ora
499 1047 604 1111 creat,
627 1045 707 1120 quot
726 1043 864 1115 propter
886 1032 1026 1096 fluminis
1047 1037 1146 1097 undas

152 1216 155 1223 ,
230 1148 323 1211 Aura
341 1140 427 1224 parit
445 1140 545 1203 flores
566 1135 666 1219 tepidi
685 1136 823 1199 secunda
844 1135 987 1212 Favoni,

233 1249 308 1311 Hos
328 1244 361 1308 in
380 1239 539 1306 distinctis
556 1239 672 1321 plexos
689 1236 762 1299 tulit
783 1234 852 1319 ipse
874 1237 1029 1314 corollis,
1108 1247 1111 1251 '

233 1349 316 1430 Quis
334 1344 495 1427 permulsa
519 1345 633 1406 domus
653 1338 792 1423 iucundo
816 1337 889 1402 risit
913 1343 1029 1404 odore.

232 1445 415 1516 Confestim
436 1447 564 1510 Peneos
583 1445 690 1517 adest,
714 1439 887 1504 viridantia
911 1444 1051 1524 Tempe,

234 1554 376 1632 Tempe,
398 1567 479 1633 quae
501 1544 601 1609 silvae
628 1542 759 1627 cingunt
781 1564 878 1624 snper
896 1542 1132 1625 impendentes,

230 1654 252 1690 '⁴'
275 1648 421 1716 Minosin
443 1647 590 1733 linquens
612 1644 702 1710 doris
724 1645 914 1708 celebranda
939 1645 1084 1722 choreis,

233 1757 311 1820 Non
334 1772 472 1816 vacuus:
497 1769 632 1834 namque
655 1746 709 1810 ille
731 1746 805 1809 tulit
827 1746 983 1811 radicitus
1005 1749 1084 1811 altas
1117 1782 1121 1787 ⁴
1299 1752 1352 1815 290

233 1858 344 1941 Fagos
364 1876 402 1917 ac
421 1863 514 1916 recto
535 1871 692 1933 proceras
714 1848 822 1931 stipite
844 1850 971 1927 laurus,

233 1961 311 2023 Non
329 1955 396 2021 sine
415 1952 539 2018 nutanti
560 1953 691 2036 platano
715 1952 863 2036 lentaque
879 1960 997 2019 sorore

234 2167 260 2207 nt
278 2173 321 2216 par
340 2162 391 2213 est,
411 2155 515 2212 accipias
534 2168 578 2210 pro
597 2168 662 2199 nom.
676 2157 752 2209 ptum,
770 2168 817 2198 non
835 2167 908 2208 vero,
929 2157 1129 2214 quetnadmodum
1140 2157 1173 2200 ab
1186 2159 1258 2203 detio
1271 2163 1353 2204 iactum

233 2231 319 2283 video,
338 2241 383 2283 pro
398 2239 454 2286 gen.
471 2226 534 2283 sing.
559 2224 595 2268 Aa
610 2237 634 2268 v.
648 2222 838 2267 increbrescunt
850 2224 919 2268 tacite
935 2238 964 2269 ea
980 2227 1104 2271 antecedd.
1122 2229 1246 2282 repetitur
1266 2229 1351 2274 undae.

234 2299 360 2358 clangore
373 2297 465 2349 Dones,
480 2294 566 2339 Valet.
580 2293 653 2353 Gtog.
667 2293 722 2337 Ast.
737 2294 836 2337 tardans
848 2294 946 2338 Accium
960 2308 998 2349 ap.
1011 2295 1074 2339 Non.
1087 2297 1208 2352 insonet,
1224 2304 1248 2343 et
1257 2298 1353 2343 caehin-

234 2381 316 2414 nars:
342 2363 377 2410 Ac
397 2364 440 2408 ndi
456 2372 532 2408 ostreo
549 2364 624 2407 litore
641 2364 741 2407 latrans
761 2360 832 2408 Unda
850 2362 896 2406 sub
914 2363 989 2408 undis
1007 2365 1089 2420 sonit,
1116 2366 1201 2411 Simul
1218 2375 1246 2412 et
1263 2370 1370 2423 circum,

235 2435 325 2496 magni
337 2459 348 2473 ο
360 2432 508 2479 sonantibus
520 2430 615 2476 Excita
627 2431 719 2486 saxis,
738 2446 814 2476 saera
826 2431 939 2477 sonando
951 2429 1052 2490 Crepitu
1063 2436 1198 2496 clangente
1211 2436 1351 2481 cachinnat.
1369 2432 1370 2435 ’

235 2507 315 2561 „Sed‚
336 2501 553 2555 obscenitatem,
573 2505 598 2546 et
612 2501 762 2560 plangorem
779 2502 840 2546 mari
858 2503 997 2547 adscribunt
1009 2503 1115 2549 Latini.’'
1141 2505 1247 2565 Negavit
1259 2507 1352 2561 hstium
1369 2498 1370 2555 J

234 2581 260 2620 tn
273 2574 318 2619 cfr.
332 2572 430 2617 anret.
445 2568 475 2632 2,
499 2567 576 2617 1156.
613 2567 673 2616 277.
693 2572 822 2617 varianter
840 2572 925 2617 Italam
939 2576 1025 2629 procul
1041 2575 1113 2619 dnbio
1129 2577 1352 2631 interpolationem,

235 2631 283 2690 non
301 2642 370 2686 video
388 2654 431 2686 cur
446 2640 541 2684 Aetium
559 2644 654 2684 secutus
673 2641 775 2684 Baebius
791 2643 820 2685 ad
836 2641 891 2686 Tib.
912 2657 937 2698 p.
956 2640 1014 2688 187.
1036 2656 1080 2687 sno
1097 2647 1190 2690 calculo
1206 2649 1288 2691 denno
1303 2661 1353 2701 pro·

238 2711 342 2758 barat-it.
372 2709 515 2773 fluctusque
541 2714 658 2753 natantes
681 2710 742 2754 dixit
767 2710 859 2756 Ennius
890 2715 950 2757 teste
979 2714 1065 2757 Servio
1094 2717 1124 2758 ad
1148 2715 1212 2759 Aen.
1241 2714 1272 2768 6,
1300 2714 1353 2761 7115.

234 2793 384 2839 camposque
396 2784 512 2823 natantes
524 2779 622 2824 Lucret.
637 2775 667 2834 6,
683 2777 759 2825 1111.
780 2805 813 2814 -
831 2780 959 2827 vibrantes
971 2783 1176 2828 volebatMitsch.
1216 2782 1279 2830 279.
1298 2784 1320 2829 A
1331 2799 1355 2829 se

219 2852 326 2898 ⁴Arane.
337 2862 367 2894 ex
377 2846 531 2902 Macroh.1,
547 2844 571 2895 5.
592 2849 765 2903 haryndtdd.
808 2847 867 2898 280,
885 2849 955 2896 Pelei
967 2852 1065 2896 Laehrn.
1113 2852 1174 2898 282.
1194 2854 1354 2913 quodcunque

236 2921 313 2968 Codd.
322 2920 431 2964 Floreat.
441 2930 480 2972 ap.
488 2918 563 2963 Raeti.
571 2919 600 2961 ad
610 2918 667 2963 Tib.
675 2932 699 2972 p.
709 2915 769 2964 255.
778 2920 852 2965 Lena.
860 2922 914 2964 Siti.
931 2945 964 2954 —
978 2925 1217 2982 quoscunquedtdd.
1248 2925 1287 2969 th.
1305 2930 1355 2983 quoi

236 2989 362 3036 Thessala
373 2987 492 3042 Excerpta
508 2987 633 3031 ltatorum.
671 2985 731 3033 283.
745 2995 801 3047 qnot
808 2996 914 3047 propter
925 2991 1024 3035 Lectum.
1036 3005 1081 3046 pro
1093 3006 1154 3051 quos
1164 3007 1209 3050 pr.
1249 2992 1311 3039 285.
1326 2995 1370 3057 lta¹

234 3061 281 3106 Ed.
295 3060 371 3115 princ.
384 3053 482 3115 (Voss.)
497 3058 570 3103 Walr.
587 3058 650 3101 cont.
667 3058 697 3102 ad
713 3058 811 3107 Lireret.
827 3055 856 3113 5,
873 3056 949 3104 1398.
963 3062 1018 3110 siti.
1030 3061 1075 3105 cir.
1090 3076 1114 3106 v.
1130 3060 1172 3109 90.
1191 3064 1271 3108 Plena
1288 3060 1370 3119 habes}

236 3132 261 3176 io
273 3128 353 3175 Cntic.
370 3140 394 3172 v.
408 3123 450 3172 70.
470 3125 591 3171 distincta
608 3126 733 3171 coloribus
751 3141 822 3173 area.
842 3127 999 3175 indistinctis
1016 3130 1124 3188 retiquae
1139 3133 1316 3185 Eddoinnes.
1328 3150 1370 3179 -.

235 3197 405 3245 interstinctis
418 3196 501 3241 lleios.
539 3192 599 3240 286.
620 3194 673 3256 Quo
688 3197 821 3252 permulsa
839 3200 867 3242 da
881 3199 969 3244 Faerni
981 3202 1044 3246 coni.
1059 3201 1158 3246 Laetam.
1197 3201 1260 3248 288.
1282 3204 1370 3253 Locus,

236 3269 406 3314 conclamatus.
429 3265 506 3311 Godd.
531 3263 658 3320 Minosin,
683 3263 822 3322 Minoem,
841 3265 982 3315 Minosium
998 3262 1115 3328 linquens
1133 3270 1226 3325 doris,·
1245 3271 1370 3317 Mniosin

234 3340 255 3383 1.
274 3335 369 3380 clitoris
387 3335 477 3389 Barvn.
496 3339 561 3379 tum:
580 3333 704 3379 Nonatins
714 3366 721 3390 ‚
740 3335 898 3392 Nonaertos,
918 3351 968 3382 non
985 3342 1070 3393 acies,
1090 3354 1140 3385 non
1158 3354 1259 3395 acaos;
1278 3308 1370 3403 Annal

235 3419 282 3451 sus
295 3405 314 3453 1.
325 3403 396 3448 doris
406 3416 429 3452 c.
441 3400 481 3447 eli.
502 3424 532 3435 -
551 3401 703 3449 Nonacrina.
718 3406 846 3465 Godlteg.
857 3421 896 3461 ap.
908 3407 981 3467 Ging.
996 3411 1056 3453 unde
1069 3417 1223 3455 emerserunt
1239 3414 1356 3457 coniectu·
1369 3406 1370 3461 J

233 3488 319 3521 rarum
342 3478 464 3526 monstra,
495 3474 519 3517 in
544 3474 630 3529 quihus
653 3470 742 3519 eminet
763 3476 805 3520 itta
828 3478 925 3522 Vossii:
954 3477 1073 3538 Xyniasi
1095 3485 1119 3522 et
1135 3481 1155 3523 l.
1174 3479 1258 3526 Doris
1278 3497 1302 3526 e.
1321 3468 1370 3537 elei

234 3542 385 3590 Boebiados.
402 3540 526 3601 Namque.
545 3543 626 3587 illinus
645 3543 748 3588 absurda
766 3547 867 3603 reliquis
886 3552 923 3591 est
940 3548 1049 3594 Reatini:
1077 3547 1208 3594 Naiadum
1227 3576 1263 3585 -
1282 3550 1370 3613 ctariep

203 3620 209 3627 ‘
235 3640 247 3653 .
265 3639 276 3651 .
292 3613 349 3659 Non
367 3625 475 3665 vacuus,
505 3626 564 3668 quae
589 3614 679 3657 adstrui
703 3617 878 3671 quodammodo
896 3622 977 3670 potest
995 3631 1025 3663 ex
1042 3618 1124 3672 Apoll.
1143 3620 1222 3664 ltbod.
1244 3618 1282 3675 4,
1304 3619 1355 3665 811.

235 3678 303 3743 τεὸς
320 3677 387 3742 υἱός
405 3705 437 3715 -
457 3674 494 3729 ὃν
511 3675 546 3744 δὴ
565 3679 620 3731 νῦν
637 3680 788 3750 Χείρωνος
805 3681 837 3733 ἐν
855 3677 945 3748 ἤθεσι
962 3686 1140 3756 κενταύροιο
1158 3685 1295 3753 Νηϊάδες
1311 3705 1355 3738 κο-

234 3751 353 3818 μέουσι.
373 3751 442 3809 virg.
457 3751 511 3794 Cat.
527 3747 586 3796 115.
610 3750 644 3796 Et
660 3752 752 3811 Satyri
767 3753 936 3814 Dryadesque
952 3755 1044 3802 choros
1068 3771 1144 3818 egere
1161 3762 1266 3815 puellae
1284 3760 1370 3806 Naias

235 3822 295 3866 dum
312 3825 392 3864 coetu.
412 3821 536 3865 Claudiam.
556 3823 580 3866 in
597 3822 674 3866 Proh.
697 3829 721 3867 et
739 3822 812 3877 Olyh.
834 3839 901 3870 cons.
922 3824 981 3871 218.
1009 3829 1094 3872 niveos
1112 3829 1164 3872 iam
1181 3829 1291 3886 pandite
1309 3845 1356 3874 eoe-

235 3898 276 3938 tns
293 3888 400 3936 Naides.
421 3890 453 3924 -’
476 3887 666 3936 Mnentonidum
683 3893 702 3937 l.
722 3891 803 3939 doctis
820 3895 897 3940 Doer.
911 3898 944 3941 at.
959 3911 1035 3954 neque
1048 3902 1126 3943 tamen
1140 3900 1220 3943 Musis
1236 3900 1278 3944 bie
1296 3904 1356 3945 loeus

235 3963 307 4005 ultus.
336 3960 405 4016 Quod
423 3973 481 4003 vero
499 3961 568 4004 Subl.
587 3974 615 4004 ac
633 3961 707 4019 Ging.
725 3966 795 4007 Alex.
810 3963 944 4010 Guarinum
962 3972 986 4010 et
1003 3968 1174 4022 spanhemium
1192 3971 1273 4016 sacnti
1288 3984 1356 4026 nuper

236 4030 360 4075 ediderunt
376 4027 545 4073 Nessonidnm
563 4054 574 4065 -
592 4054 602 4064 -
621 4029 701 4074 claris
720 4037 798 4076 metro
816 4039 948 4093 repugnet;
968 4041 1006 4080 est
1023 4039 1086 4082 anim
1105 4035 1194 4102 λίμνη
1205 4038 1356 4098 Νεσσωνὶς

236 4113 278 4153 ap.
289 4098 373 4141 Strab.
384 4096 409 4145 9.
420 4111 444 4152 p.
459 4093 518 4141 tto.
536 4096 566 4141 t..
577 4098 681 4151 Facitis,
702 4101 744 4144 sed
761 4102 929 4155 probabilitate
944 4106 1058 4151 destituta
1068 4112 1106 4152 est
1116 4108 1194 4164 prima
1204 4110 1269 4153 Astii
1284 4112 1356 4165 suspi·
1369 4094 1370 4175 l

238 4169 290 4212 cio:
320 4165 472 4219 Umbrosae,
499 4165 631 4224 linquens,
660 4165 961 4229 decrescentium,
990 4181 1016 4220 ut
1032 4178 1132 4233 spurio,
1152 4179 1234 4224 eiecto
1253 4193 1279 4224 v.
1301 4179 1370 4225 2881

237 4249 261 4280 t·
281 4233 341 4281 2⁸9·
361 4235 394 4280 5¹³
412 4232 522 4291 refingit:
542 4233 608 4280 Pone
626 4247 736 4296 gerens:
754 4252 870 4302 namque.
897 4241 965 4299 (Non
983 4259 1079 4293 vacuus
1097 4250 1126 4294 de
1145 4248 1248 4294 Guarini
1270 4251 1370 4305 ineertq
