2762 4760
28 366 197 431 Oceanum
217 375 355 448 propter
376 363 451 428 litus
463 365 651 451 ‘pelageque
672 387 802 445 severa,

28 467 107 548 Quo
130 489 236 553 neque
257 479 368 532 noster
392 467 459 531 adit
482 468 651 555 quisquam
673 491 733 535 nee
754 472 912 536 barbarus
930 472 1047 537 audet?

95 570 215 635 Cetera
238 574 414 655 degenere
435 571 602 657 hecquae
623 585 695 635 suut
717 585 867 656 portenta
888 586 1072 659 perempta,

27 672 65 736 Si
79 695 152 737 uon
174 673 261 737 victa
279 674 407 749 forent,
431 673 509 758 quid
531 678 659 740 taudem
678 674 752 739 viva
775 677 952 743 nocerent?

26 776 106 852 Nil,
130 787 165 839 ut
187 776 327 860 opinor:
353 776 397 840 ita
420 781 460 840 ud
482 778 625 842 satiatem
645 790 733 842 terra
752 779 894 844 ferarum

26 882 130 943 Nunc
149 879 244 943 etiam
265 878 359 943 scatit
380 892 411 944 et
429 880 558 963 trepido
579 893 708 946 terrore
730 883 885 965 repletest

29 984 101 1046 Per
121 1003 254 1048 nemora
274 1004 312 1046 ac
334 982 469 1048 monteis
488 1004 622 1068 magnos
644 983 805 1071 silvasque
825 986 1023 1068 profundas:

30 1086 126 1165 Quae
146 1086 221 1150 loca
241 1085 361 1150 vitandi
383 1086 572 1172 plerumque
595 1098 644 1151 est
664 1099 775 1152 nostra
794 1099 951 1171 potestas.

96 1189 145 1251 At
168 1187 230 1251 uisi
250 1200 452 1272 purgatumst
474 1200 603 1271 pectus,
627 1211 708 1271 quae
726 1189 854 1272 proelia
874 1190 970 1256 nobis

28 1291 144 1375 Atque
167 1290 310 1372 pericula
332 1302 404 1353 sunt
425 1289 563 1376 ingratis
582 1291 822 1358 insinuandum!
1114 1295 1154 1358 66

30 1394 182 1473 Quantae
203 1404 268 1455 turn
292 1392 438 1456 scindunt
459 1393 621 1457 bominem
641 1393 807 1477 cupedinis
831 1418 922 1461 acres

29 1494 217 1560 Sollicitum
239 1499 353 1559 curae!
377 1494 570 1581 quanteique
589 1496 722 1578 perinde
745 1499 894 1562 timores!

30 1597 165 1676 Quidve
185 1596 352 1679 superbia,
375 1596 530 1679 spurcitia
555 1619 593 1661 ac
615 1599 808 1681 petulantia,
831 1611 965 1685 quantas

29 1698 188 1762 Efficiunt
209 1696 345 1775 chadeis,
369 1699 447 1783 quid
468 1700 563 1763 luxus
586 1700 807 1786 desidiaeque!

97 1804 191 1865 Haec
212 1801 312 1884 igitur
334 1802 390 1887 qui
410 1814 523 1865 cuncta
541 1804 706 1886 subegerit
726 1804 956 1891 exanimeque
1114 1808 1156 1869 50

31 1903 209 1986 Expulerit
227 1902 338 1979 dictis,
361 1925 427 1968 uon
448 1903 564 1979 armis3
587 1926 693 1969 nounc
713 1907 857 1983 decebit,

30 2006 132 2068 Hunc
153 2004 314 2068 bominem
336 2026 470 2070 numero
494 2005 603 2070 divdm
625 2007 791 2091 dignarier
812 2008 903 2075 esse?

31 2107 143 2188 Quom
166 2110 247 2171 bene
268 2107 457 2189 praesertim
479 2106 575 2170 multa
600 2129 638 2171 ac
657 2107 811 2173 divinitus
826 2109 908 2193 ipsis

31 2208 270 2273 immortalibu'
292 2212 331 2272 de
353 2208 436 2272 diris
456 2211 532 2273 dare
552 2208 640 2273 dicta
660 2210 763 2275 su'e'rit

30 2314 145 2397 Atque
164 2332 287 2375 omnem
311 2332 418 2374 rerum
438 2322 583 2373 naturam
604 2316 744 2393 pandere
768 2312 875 2378 dietis.

17 2399 22 2411 ’
96 2412 225 2496 Quoius
248 2434 311 2497 ego
335 2412 499 2497 ingressus
521 2412 657 2498 vestigia
677 2418 749 2478 dum
772 2415 915 2482 rationes

32 2617 57 2665 3.
72 2617 154 2664 eote.
172 2616 307 2677 pelagique
318 2629 413 2661 reuera
423 2616 486 2661 Edi.
499 2620 557 2663 vett.
569 2618 615 2663 At.
628 2617 659 2663 Α.
678 2618 729 2672 „At
743 2630 833 2663 revera
849 2618 926 2675 inquit
943 2619 986 2664 W.
1000 2619 1081 2665 neseio
1099 2619 1155 2676 quid

30 2689 129 2733 doctius
149 2687 211 2742 sepit
226 2692 250 2731 et
266 2687 443 2744 exquisitius”,
463 2688 538 2730 itunae
557 2687 634 2745 magis
652 2687 837 2742 Lucretianum,
857 2701 913 2732 natu
931 2688 967 2743 (ut
979 2701 1066 2733 serere
1078 2689 1155 2733 ailen-

29 2759 67 2802 tia
80 2756 166 2803 noetis
180 2753 210 2810 b,
227 2753 300 2813 tet.)
314 2757 481 2810 solitudinem,
501 2756 636 2800 vastitatem
653 2757 728 2801 auaris
746 2771 774 2801 ec
794 2756 889 2801 iabores
910 2757 987 2802 nantis
1006 2759 1063 2802 illue
1082 2771 1155 2815 usqne

30 2830 80 2873 iter
99 2839 203 2884 pergere
221 2827 288 2870 ausis
306 2827 462 2870 exantlaudos
480 2823 607 2883 siguificat.
631 2826 725 2885 pelage
748 2839 809 2870 nune
833 2827 947 2880 praetuli.
1007 2824 1050 2875 tt.
1068 2825 1155 2886 scatit]

30 2898 87 2943 cfr.
100 2895 157 2942 Lib.
170 2891 200 2949 5,
218 2892 278 2941 597.
297 2893 458 2958 Largifluum
470 2891 571 2953 sautem
589 2901 688 2940 scatere
705 2900 778 2954 atque
802 2908 932 2953 erumpere
950 2897 1045 2940 lumem.
1078 2897 1156 2942 Poe'te

30 2969 97 3025 apud
111 2967 165 3011 Cic.
177 2965 276 3010 Tuscul.
286 2962 310 3018 1,
324 2963 347 3022 §.
358 2963 399 3010 69.
412 2963 503 3009 Fontes
515 2968 628 3019 cautere,
642 2961 729 3008 lrerbie
737 2969 817 3021 prata
829 2965 1003 3010 convestirier.
1041 2960 1083 3010 45.
1097 2970 1156 3010 tunc

31 3038 113 3083 Cedet.
129 3036 232 3092 aliquot.
249 3033 280 3079 1..
292 3035 323 3080 lt.
361 3032 403 3081 66.
422 3039 475 3080 tum
492 3032 612 3079 eeiudrmt
629 3035 703 3079 Wele.
722 3032 803 3078 firmat
822 3034 895 3078 etiam
909 3033 940 3078 E.
972 3034 1079 3078 Contra:
1098 3046 1156 3078 eeu-

30 3104 157 3152 ecinduut
176 3105 206 3149 C.
227 3104 257 3149 1..
277 3104 307 3149 ll.
330 3104 375 3148 eir.
395 3109 474 3149 tamen
493 3100 523 3157 3,
545 3099 621 3150 1007.
675 3101 718 3148 48.
745 3102 896 3160 spurcities,
923 3102 1066 3160 petulantia
1079 3102 1109 3145 L.
1123 3102 1154 3147 fl.

32 3175 77 3222 49.
100 3172 260 3232 desidieepue
270 3173 299 3217 Α.
314 3172 343 3217 1..
355 3173 386 3218 tl.
442 3167 484 3220 ti.
510 3172 575 3230 ipeie
601 3170 656 3215 Iam
679 3170 829 3216 mortalibus
852 3184 866 3214 e
889 3169 956 3216 diris
980 3171 1057 3216 Cone.
1079 3172 1139 3228 aliq.
1147 3202 1155 3224 ,

31 3247 110 3292 etiem
123 3244 154 3289 E.
169 3243 232 3288 Edd.
246 3248 303 3289 vett.
316 3243 362 3287 Ar.
373 3243 417 3287 W.
436 3242 603 3297 (‚,praesertirn
615 3253 688 3297 quum
699 3240 746 3284 iaus
764 3241 842 3285 sutrit
858 3242 915 3286 dare
932 3240 1077 3285 mortalibus
1096 3240 1157 3284 bene

31 3317 111 3361 multa
137 3315 199 3358 dicta
224 3317 248 3358 et
270 3312 382 3357 divinitus
405 3310 489 3366 dicta,
517 3325 531 3356 e
555 3310 616 3356 diris
634 3310 720 3365 ipsis.'’
738 3307 794 3369 W.)
818 3311 851 3354 ita
875 3315 899 3355 ct
915 3310 1008 3356 Eicbst.
1028 3310 1075 3354 uisi
1093 3310 1157 3368 quod

32 3385 150 3440 scripsit:
169 3380 312 3426 mortalibu’
324 3381 363 3426 de.
383 3381 430 3425 Sed
447 3381 473 3425 6.
488 3381 505 3423 Ι.
518 3378 629 3423 Lambini
650 3379 763 3424 iudicium
781 3380 848 3437 sequi
868 3379 938 3425 debui
952 3393 981 3425 ex
993 3381 1096 3425 lectione
1109 3379 1155 3423 ct.

31 3458 80 3500 mei
100 3453 131 3502 C.
149 3452 247 3505 Ιιιιιιιο,
264 3451 319 3495 Alei
336 3448 523 3495 Immortalibue
537 3465 551 3494 e
562 3448 628 3495 diris
643 3450 813 3495 rescribentis:
833 3448 1013 3494 Immortalibu’
1030 3446 1061 3494 de
1077 3447 1155 3493 dieis.

32 3524 105 3584 Ιμίε
119 3523 199 3575 euim,
224 3521 288 3578 quod
304 3533 318 3563 a
334 3520 412 3575 prime
427 3533 479 3577 seq.
496 3533 520 3564 t.
534 3533 592 3565 voce
609 3519 642 3562 ita
658 3519 738 3565 divelli
759 3519 853 3577 nequit,
883 3523 909 3563 ιιι
923 3518 953 3562 ad
967 3532 992 3562 r.
1010 3517 1075 3563 dieis
1093 3517 1157 3563 refe·

31 3601 119 3647 ratur,
148 3591 312 3636 certissimam
336 3590 395 3632 hauc
419 3590 557 3633 eruendandi
582 3589 629 3633 loci
648 3589 713 3634 iuxta
731 3585 875 3633 Wakefield.
896 3588 1024 3632 lectionem
1042 3600 1157 3644 perquem

32 3661 144 3720 ambigui
162 3661 225 3705 riam
242 3662 371 3702 monstrat.
401 3656 425 3701 Ε
442 3656 605 3703 divinantem
623 3658 701 3702 abiis
719 3663 770 3712 est,
790 3657 829 3713 qui
842 3659 920 3701 metro
932 3657 1002 3700 aliter
1015 3669 1157 3701 succurrere

33 3732 168 3778 nescirent.
211 3727 267 3772 latre
294 3727 443 3772 mortalibus
468 3727 567 3773 fortuita
602 3727 701 3783 denique
732 3729 825 3770 videtur
854 3725 976 3770 aberratio
1005 3738 1048 3780 per
1077 3725 1156 3770 cone.

32 3804 183 3859 propagate,
203 3798 274 3842 sicuti
289 3811 313 3842 r.
329 3794 388 3841 166.
404 3811 449 3853 pro
466 3794 730 3842 enimimmortulibue
747 3795 789 3839 alii
806 3793 895 3840 habeut
911 3794 979 3839 enim
992 3794 1157 3853 mortalibus,

27 3884 57 3917 r.
74 3867 155 3916 1007.
171 3865 312 3925 prudentes
324 3866 401 3912 Codd.
415 3879 498 3911 omues
510 3881 555 3923 pro
570 3862 750 3922 imprudentes.
788 3861 831 3909 56.
851 3865 886 3908 lta
896 3864 972 3909 Codd.
990 3867 1063 3909 etlam
1081 3864 1110 3909 C.
1124 3863 1155 3908 b·

31 3940 100 3987 Edd.
114 3943 172 3985 vett.
192 3950 260 3981 nuuc
274 3936 390 3981 alm-li.
409 3954 443 3971 -
461 3933 520 3980 dum
538 3936 562 3979 6.
577 3935 595 3978 l.
611 3938 648 3980 est
670 3933 785 3990 temperis
808 3935 926 3989 particula
948 3932 1074 3988 absoluta,
1100 3946 1156 3987 pro·

32 4012 89 4067 prio
108 4022 172 4064 „per
185 4006 374 4062 haereamus,
394 4019 441 4062 quo
460 4005 531 4052 istam
549 4017 601 4051 rete
613 4004 760 4062 persequor,
778 4004 909 4060 spatium.’'
926 4002 972 4048 Ubi
985 4004 1086 4048 iteratur
1097 4000 1157 4045 dum

29 4080 81 4125 boc
100 4078 212 4124 absolute
232 4077 336 4132 positura
354 4077 474 4136 significet
490 4076 542 4121 fere
561 4075 634 4121 ruodo
650 4098 661 4109 ·
679 4072 768 4127 mod03
786 4079 812 4118 ut
829 4074 920 4118 inillis
938 4073 1005 4117 Accii
1022 4074 1084 4127 apud
1102 4070 1154 4115 Cie.
1241 4112 1246 4121 .

29 4150 63 4195 lde
77 4148 110 4195 tt.
124 4149 156 4194 D.
171 4144 202 4202 2,
219 4145 242 4206 §.
257 4143 301 4191 89.
328 4146 368 4191 lta
385 4145 444 4194 dum
462 4148 629 4204 interruptum
646 4144 737 4191 credas
754 4140 866 4200 uiiubum
883 4142 991 4197 rolrier,
1008 4139 1076 4188 Dum
1093 4137 1158 4201 quod

30 4219 146 4267 sublime
163 4217 244 4264 seretis
262 4218 397 4278 expulsum
415 4216 474 4278 rupi
490 4216 605 4274 Saxum,
620 4221 668 4263 eet.
