2772 4750
132 132 134 137 ’
223 173 286 237 ror

224 333 315 413 Quae
337 341 482 396 nostrum
505 352 614 416 genus.
627 353 665 394 ae
686 328 769 394 sedis
791 328 963 395 defendere
984 327 1164 393 Erechthei
1286 328 1341 392 230

222 433 363 510 Annuit,
386 445 421 496 ut
440 433 524 496 tauri
547 455 718 518 respergas
740 432 893 517 sanguine
915 435 1083 494 dextram:

223 537 307 598 Tum
330 557 409 600 vero
432 536 556 613 facito,
578 547 613 598 ut
635 535 771 599 memori
791 533 854 597 tibi
876 534 1007 598 condita
1029 537 1130 598 corde

222 641 315 703 Haec
338 637 467 723 rigeant
489 641 635 701 mandata
658 660 717 701 nee
740 638 803 700 ulla
826 637 979 701 obliteret
1002 649 1107 701 aetas:

222 741 268 806 Ut
290 740 384 803 simul
406 763 444 803 ae
466 752 596 804 uestros
617 739 757 803 invisent
778 739 895 802 lumina
920 739 1030 816 collis,
1373 812 1374 815 Ἴ

221 847 390 907 Funestam
411 853 563 907 antennae
581 846 743 925 deponant
764 843 904 928 undique
927 855 1062 919 vestem,

223 941 432 1029 Candidaque
454 944 567 1009 intorti
590 945 759 1008 sustollant
781 944 851 1007 vela
875 947 1044 1007 rudentes:

223 1047 363 1132 [Lucida
384 1069 447 1132 qua
470 1046 637 1129 splendent
654 1047 767 1109 summi
790 1047 954 1110 carchesia
973 1047 1049 1111 mali
1061 1049 1088 1129 t]

223 1151 327 1231 Quam
348 1138 485 1232 primum
505 1171 638 1213 cernens
657 1162 691 1213 ut
712 1149 795 1214 laeta
818 1149 931 1234 gaudia
951 1162 1054 1214 mente

221 1255 428 1337 Agnoscam,
451 1274 549 1337 quom
572 1263 604 1315 te
624 1256 773 1316 reducem
795 1246 1062 1337 aetaslprospera
1083 1251 1212 1318 sistet.”

221 1358 315 1420 Haec
337 1357 482 1417 mandata
502 1354 592 1437 prius
614 1355 773 1420 constanti
793 1367 896 1417 mente
915 1367 1073 1419 tenentem
1287 1358 1341 1418 2111

224 1460 350 1522 Thesea
373 1480 431 1521 eeu
454 1457 563 1539 pulsae
585 1469 754 1522 ventorum
776 1457 902 1521 flamine
924 1461 1025 1521 nubes
1072 1465 1081 1476 ’

224 1559 363 1625 Ae‘rium
386 1559 474 1623 nivei
496 1560 613 1624 montis
633 1560 756 1646 liquere
779 1582 942 1624 cacumen.
1033 1611 1036 1616 .

222 1664 269 1727 At
288 1673 394 1745 pater,
418 1673 451 1724 ut
469 1685 589 1725 summa
610 1675 818 1745 prospectum
841 1686 882 1727 ex
905 1684 980 1727 arce
1001 1665 1151 1745 petebat,

221 1764 330 1830 Anxia
353 1764 385 1827 in
408 1764 553 1829 assiduos
576 1768 742 1830 absumens
764 1765 882 1827 lumina
904 1766 1015 1842 fletus3

223 1869 329 1949 Quem
353 1867 489 1949 primum
511 1867 613 1931 inflati
635 1867 920 1950 conspexit'liutea
942 1867 1024 1944 veli,

222 1956 440 2053 Praecipitem
464 1991 532 2033 sese
557 1972 766 2052 scopulorum
789 1993 806 2033 e
827 1969 950 2033 vertice
974 1969 1067 2048 iecit,

198 2100 200 2104 ³
221 2073 384 2137 Amissum
408 2077 541 2136 eredens
556 2072 672 2136 immiti
696 2076 820 2136 Thesea
842 2074 925 2138 salo.

222 2176 278 2239 Sic
298 2176 423 2238 funesta
445 2180 557 2241 demtis
577 2175 739 2258 ingressus
760 2187 844 2238 tecta
866 2189 999 2257 paterna

221 2280 336 2342 Morte
357 2278 455 2343 ferox
477 2280 637 2354 Theseus,
660 2278 783 2362 qualem
806 2276 949 2342 Minoidi
970 2280 1087 2342 luctum

222 2380 408 2455 Obtulerat,
433 2392 535 2443 mente
557 2380 738 2444 immemori
762 2382 855 2442 talem
879 2380 948 2462 ipse
971 2381 1106 2463 recepit.
1287 2386 1341 2449 250

221 2483 311 2563 Quae
333 2493 437 2545 tamen
460 2487 648 2564 adspectans
669 2486 832 2547 cedentem
854 2490 970 2546 maesta
995 2484 1134 2547 carinam

222 2582 418 2666 Multiplieis
439 2584 545 2648 auimo
568 2584 720 2649 volvebat
744 2585 850 2648 saucia
873 2608 980 2650 curas.

275 2795 334 2843 230.
355 2793 489 2842 Erechthei
506 2812 591 2845 rursus
610 2805 646 2844 est
664 2814 677 2843 a
696 2800 794 2844 Vosslo.
821 2800 874 2843 Sill.
897 2799 995 2843 Lachm.
1029 2799 1075 2844 Ed.
1098 2800 1228 2855 prinecps:
1259 2800 1338 2855 dueta,

221 2870 281 2911 unde
301 2882 345 2911 tina
366 2870 435 2912 litera
455 2872 599 2924 transposita
619 2872 676 2914 olim
694 2870 798 2913 feceram
815 2866 909 2923 Butae,
930 2870 1114 2913 celebratissimi
1133 2873 1195 2923 apud
1215 2871 1338 2915 Athenian·

221 2950 262 2981 aes
279 2937 360 2980 herois
385 2943 455 2994 atque
480 2941 586 2982 auctoris
610 2941 689 2996 gentis
708 2940 853 2983 Butudarum
877 2953 897 2983 s.
924 2939 1136 2982 Eteobuladarum,
1165 2941 1242 2984 Butes
1274 2955 1338 2993 rere,

220 3011 302 3062 utpote
321 3009 445 3052 Minervae
464 3007 572 3052 Poliadis
597 3010 710 3052 sacerdos
730 3010 783 3052 huie
803 3010 866 3052 Deae
885 3010 1037 3066 gratissimus
1056 3021 1110 3053 esse
1130 3009 1212 3065 quidni
1233 3008 1339 3064 poterat?

219 3075 410 3131 v.dpoltod.3,
424 3075 469 3137 15,
483 3077 504 3121 1.
526 3078 600 3122 Paua.
618 3078 647 3132 1,
662 3075 703 3121 21.
724 3098 757 3110 ·-
775 3083 847 3121 sueta
866 3078 942 3121 Giiar.
960 3079 1029 3120 hldd.
1043 3078 1115 3135 Ging.
1136 3100 1172 3111 —
1184 3076 1258 3136 freti
1269 3080 1338 3123 Codd.

219 3148 299 3191 siaul.
322 3168 351 3179 -
375 3143 459 3205 fretis
481 3149 541 3192 Stat.
559 3149 624 3192 Scal.
650 3146 725 3191 Doer.
748 3149 801 3191 Ast.
821 3171 854 3181 -
883 3148 946 3190 creti
966 3148 1064 3190 Mitsch.
1093 3168 1122 3179 ·-
1151 3150 1236 3191 eriles
1262 3150 1338 3193 Heius.

221 3215 281 3261 231.
303 3214 333 3260 Ul
350 3217 428 3260 eirnul
439 3214 501 3260 haee
519 3221 536 3261 i.
553 3233 574 3262 e.
597 3223 644 3272 lua,
662 3218 764 3261 eCodd.
782 3218 835 3261 Sill.
853 3218 925 3262 Web.
964 3214 1022 3261 237.
1043 3216 1118 3260 Abest
1137 3231 1150 3259 a
1171 3219 1249 3262 Codd.
1271 3219 1339 3262 einri-

220 3287 279 3340 bus;
301 3288 388 3343 legitur
406 3293 484 3329 nutem
503 3288 547 3333 sub
567 3288 655 3332 Catulli
675 3289 770 3330 uomina
788 3301 827 3340 ap.
849 3287 950 3330 Nouium
968 3300 1020 3345 pag.
1038 3283 1096 3331 793.
1118 3287 1191 3330 Goth.
1210 3290 1274 3332 uude
1294 3302 1340 3331 enm

219 3356 244 3400 b.
265 3357 282 3397 l.
302 3354 426 3398 inseruere
446 3356 554 3400 Faernus
573 3372 600 3400 ae
619 3359 744 3401 Muretus:
775 3356 887 3400 observat
906 3361 982 3400 lamen
1003 3357 1143 3408 Maecilius,
1165 3372 1230 3409 ,nee
1250 3371 1340 3402 versum

216 3426 285 3468 illum
314 3438 356 3467 nee
375 3424 463 3467 Catulli
489 3440 576 3469 nornen
605 3427 707 3480 reperiri
733 3427 757 3469 in
786 3426 854 3469 libris
881 3427 990 3468 Marcelli
1009 3426 1141 3481 antiquis.”
1167 3429 1273 3470 Assnlus
1293 3441 1340 3470 esse

219 3498 301 3549 polest
316 3507 344 3537 er
361 3494 447 3537 Isidori
466 3495 551 3553 Origg.
566 3495 611 3549 19,
632 3495 658 3539 2.
680 3509 702 3550 ρ.
726 3493 801 3540 1287.
825 3491 923 3539 Clario:
942 3493 1039 3538 Lucida
1057 3491 1205 3554 confulgent
1225 3498 1273 3539 ulli
1291 3511 1340 3538 cer·

218 3561 306 3607 eheeiu
324 3564 395 3609 meli.
424 3564 508 3607 Denuo
528 3579 580 3608 eum
600 3567 722 3609 eiecerunt
740 3565 812 3621 Giug.
827 3566 878 3611 sm,
892 3565 989 3607 Lachm.
1010 3565 1098 3615 lleete,
1117 3571 1142 3607 ut
1158 3567 1257 3620 opinor.
1278 3567 1341 3609 Astis

219 3635 369 3677 necessarius
382 3635 475 3678 videtur
493 3641 592 3689 propter
611 3636 750 3691 sequentia,
771 3642 796 3678 ut
814 3648 888 3693 quum
903 3633 1025 3690 primum.
1065 3631 1124 3678 239.
1145 3648 1203 3678 sors
1218 3637 1292 3679 Aldd.
1314 3656 1339 3667 -

212 3700 384 3761 feraDouza,
417 3699 477 3746 211.
496 3706 633 3749 contollene
652 3706 741 3758 Baryu.
762 3707 794 3748 al.
816 3707 875 3748 uude
887 3703 966 3765 fletus
983 3703 1005 3746 in
1018 3701 1115 3764 flectus
1131 3709 1225 3748 mutare
1247 3711 1341 3748 conatus

219 3772 370 3815 estMilsch.
385 3786 408 3816 v.
423 3772 527 3818 Husehlt.
547 3775 592 3830 Ep.
611 3777 665 3819 erit.
682 3788 705 3828 p.
724 3773 764 3822 92,
802 3771 861 3818 215.
882 3770 1143 3830 inseetih'usc.Vulp.
1184 3771 1247 3818 218.
1269 3775 1341 3817 Codd.

218 3844 310 3897 aliquot
321 3839 450 3896 Minoide,
477 3845 535 3888 uude
551 3845 654 3888 Dervill.
680 3845 749 3902 quali
767 3841 883 3887 Minoide
904 3844 986 3895 luctu,
1014 3855 1070 3885 casu
1088 3843 1175 3896 terlio,
1198 3848 1223 3885 ut
1239 3857 1262 3887 v.
1287 3842 1340 3889 396.

218 3918 303 3963 coetu,
324 3912 399 3968 „quia
420 3913 493 3967 prisci
511 3918 595 3969 poetae
611 3929 669 3957 raro
689 3915 725 3958 vel
745 3928 863 3970 uunquam
878 3914 939 3956 isles
952 3913 1044 3955 saluos
1059 3914 1222 3966 corripiunt.”
1243 3915 1340 3957 Verum·

218 3987 297 4024 tamen
322 3983 345 4024 in
371 3977 445 4026 Come
463 3980 555 4028 Beren.
572 3998 596 4028 v.
617 3981 658 4028 70.
679 3984 768 4029 hahes:
796 3981 891 4042 Tethyi
914 3982 1044 4029 restituor.
1082 3981 1212 4035 „lllineidi
1238 3985 1341 4027 ultimam

217 4052 316 4094 brevem
333 4051 405 4096 hebet
423 4054 452 4096 ad
471 4057 567 4097 modum
586 4055 751 4106 Graecorum,
772 4067 842 4110 quem
855 4055 893 4098 hic
906 4047 1024 4096 imitatum
1039 4063 1092 4095 esse
1109 4053 1231 4095 Catullum
1246 4053 1342 4096 eredo.”

218 4119 290 4167 Web.
332 4118 395 4170 251.
416 4123 451 4165 lla
469 4123 559 4175 Buren.
579 4125 652 4166 Voss.
672 4123 749 4165 Codd.
766 4124 851 4176 Statii,
880 4123 920 4179 qui
936 4125 1038 4165 alteram
1054 4119 1187 4165 lectionem
1210 4136 1276 4179 quoe
1296 4129 1340 4165 tum

215 4196 381 4246 prospectans
400 4193 470 4236 Aldd,
484 4193 560 4235 Deer.
581 4192 654 4249 Ging.
674 4193 741 4244 iure,
762 4193 864 4246 opiner,
885 4192 997 4234 novitiam
1012 4194 1091 4234 vocal.
1143 4188 1201 4235 253.
1223 4191 1257 4235 Ar
1271 4198 1340 4250 pater

217 4265 307 4315 Baryn.
318 4263 393 4306 Voss.
413 4261 527 4306 Ceterum
543 4260 588 4305 efr.
606 4260 719 4317 Xenoph.
734 4262 845 4316 Syinpes.
867 4260 896 4305 C.
915 4258 939 4306 9.
971 4260 1115 4305 Philostrat.
1135 4260 1227 4319 lmagg
1250 4260 1280 4317 1,
1303 4257 1338 4306 15.
