<?xml version="1.0" encoding="UTF-8"?>
<!DOCTYPE html PUBLIC "-//W3C//DTD XHTML 1.0 Transitional//EN"
    "http://www.w3.org/TR/xhtml1/DTD/xhtml1-transitional.dtd">
<html xmlns="http://www.w3.org/1999/xhtml" xml:lang="en" lang="en">
 <head>
  <title>
</title>
<meta http-equiv="Content-Type" content="text/html;charset=utf-8" />
  <meta name='ocr-system' content='tesseract 3.04.00' />
  <meta name='ocr-capabilities' content='ocr_page ocr_carea ocr_par ocr_line ocrx_word'/>
</head>
<body>
  <div class='ocr_page' id='page_1' title='image "./eclogaepoetarum02orelgoog_0092.png"; bbox 0 0 2772 4750; ppageno 0'>
   <div class='ocr_carea' id='block_1_1' title="bbox 23 320 1135 2355">
    <p class='ocr_par' dir='ltr' id='par_1_1' title="bbox 23 320 1135 2355">
     <span class='ocr_line' id='line_1_1' title="bbox 24 320 973 407; baseline -0.011 -11"><span class='ocrx_word' id='word_1_1' title='bbox 24 330 157 407; x_wconf 84' lang='lat' dir='ltr'>Nubila,</span> <span class='ocrx_word' id='word_1_2' title='bbox 181 329 246 406; x_wconf 89' lang='lat' dir='ltr'>sol,</span> <span class='ocrx_word' id='word_1_3' title='bbox 269 328 405 402; x_wconf 83' lang='lat' dir='ltr'>imbres,</span> <span class='ocrx_word' id='word_1_4' title='bbox 428 323 501 401; x_wconf 85' lang='lat' dir='ltr'>nix,</span> <span class='ocrx_word' id='word_1_5' title='bbox 525 320 647 399; x_wconf 78' lang='lat' dir='ltr'>remei,</span> <span class='ocrx_word' id='word_1_6' title='bbox 668 320 823 397; x_wconf 82' lang='lat' dir='ltr'><strong>fulmina,</strong></span> <span class='ocrx_word' id='word_1_7' title='bbox 848 324 973 406; x_wconf 83' lang='lat' dir='ltr'>grando</span> 
     </span>
     <span class='ocr_line' id='line_1_2' title="bbox 25 424 928 516; baseline -0.011 -18"><span class='ocrx_word' id='word_1_8' title='bbox 25 437 65 498; x_wconf 91' lang='lat' dir='ltr'>Et</span> <span class='ocrx_word' id='word_1_9' title='bbox 85 432 208 516; x_wconf 85' lang='lat' dir='ltr'>rapidei</span> <span class='ocrx_word' id='word_1_10' title='bbox 225 430 372 494; x_wconf 79' lang='lat' dir='ltr'><strong>fremitus</strong></span> <span class='ocrx_word' id='word_1_11' title='bbox 392 439 424 492; x_wconf 89' lang='lat' dir='ltr'>et</span> <span class='ocrx_word' id='word_1_12' title='bbox 444 448 606 489; x_wconf 87' lang='lat' dir='ltr'>murmura</span> <span class='ocrx_word' id='word_1_13' title='bbox 624 446 737 510; x_wconf 88' lang='lat' dir='ltr'>magna</span> <span class='ocrx_word' id='word_1_14' title='bbox 759 424 928 488; x_wconf 90' lang='lat' dir='ltr'>minarum.</span> 
     </span>
     <span class='ocr_line' id='line_1_3' title="bbox 83 525 775 620; baseline -0.017 -19"><span class='ocrx_word' id='word_1_15' title='bbox 83 538 112 601; x_wconf 94' lang='lat'>0</span> <span class='ocrx_word' id='word_1_16' title='bbox 132 556 232 620; x_wconf 87' lang='lat' dir='ltr'>genus</span> <span class='ocrx_word' id='word_1_17' title='bbox 249 531 364 596; x_wconf 84' lang='lat' dir='ltr'>infelix</span> <span class='ocrx_word' id='word_1_18' title='bbox 382 532 570 593; x_wconf 89' lang='lat' dir='ltr'>humanuml</span> <span class='ocrx_word' id='word_1_19' title='bbox 593 526 670 590; x_wconf 87' lang='lat' dir='ltr'>talia</span> <span class='ocrx_word' id='word_1_20' title='bbox 692 525 775 589; x_wconf 90' lang='lat' dir='ltr'>divis</span> 
     </span>
     <span class='ocr_line' id='line_1_4' title="bbox 24 629 907 720; baseline -0.009 -18"><span class='ocrx_word' id='word_1_21' title='bbox 24 642 123 720; x_wconf 85' lang='lat' dir='ltr'>Quom</span> <span class='ocrx_word' id='word_1_22' title='bbox 144 635 259 699; x_wconf 82' lang='lat' dir='ltr'>tribuit</span> <span class='ocrx_word' id='word_1_23' title='bbox 277 635 362 697; x_wconf 87' lang='lat' dir='ltr'>faeta</span> <span class='ocrx_word' id='word_1_24' title='bbox 385 644 480 717; x_wconf 91' lang='lat' dir='ltr'>atque</span> <span class='ocrx_word' id='word_1_25' title='bbox 503 630 567 694; x_wconf 88' lang='lat' dir='ltr'>iras</span> <span class='ocrx_word' id='word_1_26' title='bbox 589 629 733 694; x_wconf 86' lang='lat' dir='ltr'>adiunxit</span> <span class='ocrx_word' id='word_1_27' title='bbox 755 632 907 694; x_wconf 81' lang='lat' dir='ltr'>acerbas:</span> 
     </span>
     <span class='ocr_line' id='line_1_5' title="bbox 24 732 1134 822; baseline -0.003 -18"><span class='ocrx_word' id='word_1_28' title='bbox 24 744 162 822; x_wconf 87' lang='lat' dir='ltr'>Quantos</span> <span class='ocrx_word' id='word_1_29' title='bbox 183 751 249 801; x_wconf 89' lang='lat' dir='ltr'>tum</span> <span class='ocrx_word' id='word_1_30' title='bbox 270 735 406 821; x_wconf 83' lang='lat' dir='ltr'><strong>gemitus</strong></span> <span class='ocrx_word' id='word_1_31' title='bbox 427 732 508 816; x_wconf 91' lang='lat' dir='ltr'>ipsei</span> <span class='ocrx_word' id='word_1_32' title='bbox 530 732 594 796; x_wconf 89' lang='lat' dir='ltr'>sibi</span> <span class='ocrx_word' id='word_1_33' title='bbox 614 743 795 818; x_wconf 88' lang='lat' dir='ltr'>quantaque</span> <span class='ocrx_word' id='word_1_34' title='bbox 816 732 911 796; x_wconf 93' lang='lat' dir='ltr'>nobis</span> <span class='ocrx_word' id='word_1_35' title='bbox 1053 736 1134 801; x_wconf 83' lang='grc'><strong>1195</strong></span> 
     </span>
     <span class='ocr_line' id='line_1_6' title="bbox 23 834 990 925; baseline -0.004 -19"><span class='ocrx_word' id='word_1_36' title='bbox 23 844 180 918; x_wconf 81' lang='lat' dir='ltr'>Volnera,</span> <span class='ocrx_word' id='word_1_37' title='bbox 203 862 283 925; x_wconf 89' lang='lat' dir='ltr'>quas</span> <span class='ocrx_word' id='word_1_38' title='bbox 304 839 461 901; x_wconf 79' lang='lat' dir='ltr'><strong>lacrumas</strong></span> <span class='ocrx_word' id='word_1_39' title='bbox 482 857 638 918; x_wconf 79' lang='lat' dir='ltr'>peperere</span> <span class='ocrx_word' id='word_1_40' title='bbox 660 834 832 899; x_wconf 79' lang='lat' dir='ltr'>rninnribu’</span> <span class='ocrx_word' id='word_1_41' title='bbox 854 834 990 902; x_wconf 89' lang='lat' dir='ltr'>nostris!</span> 
     </span>
     <span class='ocr_line' id='line_1_7' title="bbox 80 935 790 1027; baseline -0.011 -19"><span class='ocrx_word' id='word_1_42' title='bbox 80 947 150 1008; x_wconf 86' lang='lat' dir='ltr'>Nee</span> <span class='ocrx_word' id='word_1_43' title='bbox 172 944 274 1027; x_wconf 91' lang='lat' dir='ltr'>pietas</span> <span class='ocrx_word' id='word_1_44' title='bbox 295 942 388 1004; x_wconf 91' lang='lat' dir='ltr'>ullast</span> <span class='ocrx_word' id='word_1_45' title='bbox 410 940 548 1003; x_wconf 88' lang='lat' dir='ltr'>velatum</span> <span class='ocrx_word' id='word_1_46' title='bbox 568 959 662 1019; x_wconf 83' lang='lat' dir='ltr'>saepe</span> <span class='ocrx_word' id='word_1_47' title='bbox 685 935 790 1000; x_wconf 90' lang='lat' dir='ltr'>videri</span> 
     </span>
     <span class='ocr_line' id='line_1_8' title="bbox 24 1039 975 1127; baseline -0.003 -19"><span class='ocrx_word' id='word_1_48' title='bbox 24 1047 155 1111; x_wconf 89' lang='lat' dir='ltr'>Vortier</span> <span class='ocrx_word' id='word_1_49' title='bbox 177 1049 217 1109; x_wconf 87' lang='lat' dir='ltr'>ad</span> <span class='ocrx_word' id='word_1_50' title='bbox 236 1043 375 1127; x_wconf 84' lang='lat' dir='ltr'>lapidem</span> <span class='ocrx_word' id='word_1_51' title='bbox 394 1053 488 1126; x_wconf 90' lang='lat' dir='ltr'>atque</span> <span class='ocrx_word' id='word_1_52' title='bbox 510 1039 632 1105; x_wconf 86' lang='lat' dir='ltr'>omneis</span> <span class='ocrx_word' id='word_1_53' title='bbox 650 1045 805 1105; x_wconf 84' lang='lat' dir='ltr'>accedere</span> <span class='ocrx_word' id='word_1_54' title='bbox 825 1045 864 1105; x_wconf 88' lang='lat' dir='ltr'>ad</span> <span class='ocrx_word' id='word_1_55' title='bbox 884 1064 975 1118; x_wconf 83' lang='lat' dir='ltr'>aras3</span> 
     </span>
     <span class='ocr_line' id='line_1_9' title="bbox 24 1144 1007 1232; baseline -0.005 -19"><span class='ocrx_word' id='word_1_56' title='bbox 24 1153 89 1213; x_wconf 86' lang='lat' dir='ltr'>Nec</span> <span class='ocrx_word' id='word_1_57' title='bbox 105 1150 321 1232; x_wconf 84' lang='lat' dir='ltr'>procumbere</span> <span class='ocrx_word' id='word_1_58' title='bbox 342 1144 429 1207; x_wconf 93' lang='lat' dir='ltr'>humi</span> <span class='ocrx_word' id='word_1_59' title='bbox 451 1153 648 1226; x_wconf 88' lang='lat' dir='ltr'>prostratum</span> <span class='ocrx_word' id='word_1_60' title='bbox 671 1153 703 1206; x_wconf 87' lang='lat' dir='ltr'>et</span> <span class='ocrx_word' id='word_1_61' title='bbox 724 1146 866 1225; x_wconf 89' lang='lat' dir='ltr'>pandere</span> <span class='ocrx_word' id='word_1_62' title='bbox 885 1145 1007 1227; x_wconf 85' lang='lat' dir='ltr'>palmas</span> 
     </span>
     <span class='ocr_line' id='line_1_10' title="bbox 24 1244 1135 1333; baseline -0.004 -18"><span class='ocrx_word' id='word_1_63' title='bbox 24 1255 102 1316; x_wconf 84' lang='lat' dir='ltr'>Ante</span> <span class='ocrx_word' id='word_1_64' title='bbox 123 1255 214 1315; x_wconf 83' lang='lat' dir='ltr'>detlm</span> <span class='ocrx_word' id='word_1_65' title='bbox 234 1251 369 1313; x_wconf 85' lang='lat' dir='ltr'>delubra</span> <span class='ocrx_word' id='word_1_66' title='bbox 387 1269 489 1333; x_wconf 89' lang='lat' dir='ltr'>neque</span> <span class='ocrx_word' id='word_1_67' title='bbox 512 1268 583 1310; x_wconf 84' lang='lat' dir='ltr'>aras</span> <span class='ocrx_word' id='word_1_68' title='bbox 604 1244 756 1329; x_wconf 88' lang='lat' dir='ltr'>sanguine</span> <span class='ocrx_word' id='word_1_69' title='bbox 779 1246 879 1310; x_wconf 91' lang='lat' dir='ltr'>multo</span> <span class='ocrx_word' id='word_1_70' title='bbox 1053 1248 1135 1312; x_wconf 98' lang='grc'><strong>1200</strong></span> 
     </span>
     <span class='ocr_line' id='line_1_11' title="bbox 25 1347 898 1439; baseline -0.008 -22"><span class='ocrx_word' id='word_1_71' title='bbox 25 1358 179 1439; x_wconf 84' lang='lat' dir='ltr'>Spargere</span> <span class='ocrx_word' id='word_1_72' title='bbox 201 1355 443 1437; x_wconf 86' lang='lat' dir='ltr'>quadrupedum</span> <span class='ocrx_word' id='word_1_73' title='bbox 462 1372 522 1414; x_wconf 88' lang='lat' dir='ltr'>nee</span> <span class='ocrx_word' id='word_1_74' title='bbox 544 1347 630 1412; x_wconf 80' lang='lat' dir='ltr'>votis</span> <span class='ocrx_word' id='word_1_75' title='bbox 651 1359 779 1412; x_wconf 79' lang='lat' dir='ltr'>nectere</span> <span class='ocrx_word' id='word_1_76' title='bbox 803 1359 898 1425; x_wconf 83' lang='lat' dir='ltr'>vota3</span> 
     </span>
     <span class='ocr_line' id='line_1_12' title="bbox 25 1451 833 1539; baseline -0.004 -21"><span class='ocrx_word' id='word_1_77' title='bbox 25 1460 83 1519; x_wconf 86' lang='lat' dir='ltr'>Sed</span> <span class='ocrx_word' id='word_1_78' title='bbox 104 1478 195 1539; x_wconf 85' lang='lat' dir='ltr'>mage</span> <span class='ocrx_word' id='word_1_79' title='bbox 214 1455 341 1537; x_wconf 86' lang='lat' dir='ltr'>placata</span> <span class='ocrx_word' id='word_1_80' title='bbox 362 1476 458 1536; x_wconf 87' lang='lat' dir='ltr'>posse</span> <span class='ocrx_word' id='word_1_81' title='bbox 480 1451 587 1516; x_wconf 90' lang='lat' dir='ltr'>omnia</span> <span class='ocrx_word' id='word_1_82' title='bbox 611 1462 714 1514; x_wconf 90' lang='lat' dir='ltr'>mente</span> <span class='ocrx_word' id='word_1_83' title='bbox 736 1451 833 1516; x_wconf 87' lang='lat' dir='ltr'>tueri.</span> 
     </span>
     <span class='ocr_line' id='line_1_13' title="bbox 25 1552 877 1643; baseline -0.002 -22"><span class='ocrx_word' id='word_1_84' title='bbox 25 1561 118 1634; x_wconf 88' lang='lat' dir='ltr'>Nam,</span> <span class='ocrx_word' id='word_1_85' title='bbox 140 1579 238 1643; x_wconf 90' lang='lat' dir='ltr'>quom</span> <span class='ocrx_word' id='word_1_86' title='bbox 261 1555 453 1639; x_wconf 88' lang='lat' dir='ltr'>suspicimus</span> <span class='ocrx_word' id='word_1_87' title='bbox 470 1552 578 1639; x_wconf 82' lang='lat' dir='ltr'>magni</span> <span class='ocrx_word' id='word_1_88' title='bbox 601 1553 748 1618; x_wconf 86' lang='lat' dir='ltr'>caelestia</span> <span class='ocrx_word' id='word_1_89' title='bbox 771 1554 877 1619; x_wconf 92' lang='lat' dir='ltr'>mundi</span> 
     </span>
     <span class='ocr_line' id='line_1_14' title="bbox 26 1655 931 1743; baseline -0.002 -20"><span class='ocrx_word' id='word_1_90' title='bbox 26 1659 153 1741; x_wconf 85' lang='lat' dir='ltr'>Templa</span> <span class='ocrx_word' id='word_1_91' title='bbox 171 1682 268 1741; x_wconf 87' lang='lat' dir='ltr'>super</span> <span class='ocrx_word' id='word_1_92' title='bbox 285 1657 451 1743; x_wconf 85' lang='lat' dir='ltr'>stellisque</span> <span class='ocrx_word' id='word_1_93' title='bbox 471 1655 660 1721; x_wconf 81' lang='lat' dir='ltr'>micantibus</span> <span class='ocrx_word' id='word_1_94' title='bbox 681 1657 810 1720; x_wconf 87' lang='lat' dir='ltr'>aethera</span> <span class='ocrx_word' id='word_1_95' title='bbox 832 1658 931 1722; x_wconf 81' lang='lat' dir='ltr'>fixum</span> 
     </span>
     <span class='ocr_line' id='line_1_15' title="bbox 26 1758 1133 1844; baseline 0 -19"><span class='ocrx_word' id='word_1_96' title='bbox 26 1765 65 1825; x_wconf 81' lang='lat' dir='ltr'>Et</span> <span class='ocrx_word' id='word_1_97' title='bbox 86 1761 169 1826; x_wconf 84' lang='lat' dir='ltr'>venit</span> <span class='ocrx_word' id='word_1_98' title='bbox 191 1762 224 1824; x_wconf 92' lang='lat' dir='ltr'>in</span> <span class='ocrx_word' id='word_1_99' title='bbox 246 1772 379 1824; x_wconf 90' lang='lat' dir='ltr'>mentem</span> <span class='ocrx_word' id='word_1_100' title='bbox 400 1758 480 1823; x_wconf 89' lang='lat' dir='ltr'>solis</span> <span class='ocrx_word' id='word_1_101' title='bbox 504 1758 659 1844; x_wconf 88' lang='lat' dir='ltr'>lunaeque</span> <span class='ocrx_word' id='word_1_102' title='bbox 681 1758 818 1836; x_wconf 87' lang='lat' dir='ltr'>viarum,</span> <span class='ocrx_word' id='word_1_103' title='bbox 1052 1763 1133 1827; x_wconf 85' lang='grc'><strong>1205</strong></span> 
     </span>
     <span class='ocr_line' id='line_1_16' title="bbox 27 1859 803 1945; baseline -0.003 -18"><span class='ocrx_word' id='word_1_104' title='bbox 27 1867 111 1927; x_wconf 81' lang='lat' dir='ltr'>&#39;l&#39;unc</span> <span class='ocrx_word' id='word_1_105' title='bbox 129 1864 202 1927; x_wconf 88' lang='lat' dir='ltr'>aliis</span> <span class='ocrx_word' id='word_1_106' title='bbox 228 1883 382 1945; x_wconf 89' lang='lat' dir='ltr'>oppressa</span> <span class='ocrx_word' id='word_1_107' title='bbox 405 1859 495 1923; x_wconf 88' lang='lat' dir='ltr'>malis</span> <span class='ocrx_word' id='word_1_108' title='bbox 515 1859 547 1924; x_wconf 93' lang='lat' dir='ltr'>in</span> <span class='ocrx_word' id='word_1_109' title='bbox 569 1872 702 1945; x_wconf 87' lang='lat' dir='ltr'>pectore</span> <span class='ocrx_word' id='word_1_110' title='bbox 725 1883 803 1925; x_wconf 87' lang='lat' dir='ltr'>eura</span> 
     </span>
     <span class='ocr_line' id='line_1_17' title="bbox 27 1962 913 2051; baseline -0.003 -21"><span class='ocrx_word' id='word_1_111' title='bbox 27 1967 94 2030; x_wconf 90' lang='lat' dir='ltr'>Olla</span> <span class='ocrx_word' id='word_1_112' title='bbox 115 1987 246 2051; x_wconf 92' lang='lat' dir='ltr'>quoque</span> <span class='ocrx_word' id='word_1_113' title='bbox 269 1964 533 2048; x_wconf 79' lang='lat' dir='ltr'>expergefactum</span> <span class='ocrx_word' id='word_1_114' title='bbox 558 1974 654 2045; x_wconf 88' lang='lat' dir='ltr'>eaput</span> <span class='ocrx_word' id='word_1_115' title='bbox 675 1962 803 2048; x_wconf 88' lang='lat' dir='ltr'>erigere</span> <span class='ocrx_word' id='word_1_116' title='bbox 826 1963 913 2043; x_wconf 84' lang='lat' dir='ltr'>infit,</span> 
     </span>
     <span class='ocr_line' id='line_1_18' title="bbox 27 2063 850 2153; baseline -0.001 -23"><span class='ocrx_word' id='word_1_117' title='bbox 27 2070 71 2131; x_wconf 85' lang='lat' dir='ltr'>Ne</span> <span class='ocrx_word' id='word_1_118' title='bbox 90 2090 169 2153; x_wconf 91' lang='lat' dir='ltr'>quae</span> <span class='ocrx_word' id='word_1_119' title='bbox 192 2068 281 2131; x_wconf 85' lang='lat' dir='ltr'>sorte</span> <span class='ocrx_word' id='word_1_120' title='bbox 303 2070 396 2130; x_wconf 76' lang='lat' dir='ltr'>deum</span> <span class='ocrx_word' id='word_1_121' title='bbox 417 2066 513 2130; x_wconf 91' lang='lat' dir='ltr'>nobis</span> <span class='ocrx_word' id='word_1_122' title='bbox 532 2063 683 2129; x_wconf 89' lang='lat' dir='ltr'>immensa</span> <span class='ocrx_word' id='word_1_123' title='bbox 706 2076 850 2149; x_wconf 82' lang='lat' dir='ltr'>potestas</span> 
     </span>
     <span class='ocr_line' id='line_1_19' title="bbox 27 2166 836 2254; baseline -0.001 -23"><span class='ocrx_word' id='word_1_124' title='bbox 27 2169 85 2245; x_wconf 78' lang='lat' dir='ltr'>sit,</span> <span class='ocrx_word' id='word_1_125' title='bbox 107 2169 198 2234; x_wconf 89' lang='lat' dir='ltr'>vario</span> <span class='ocrx_word' id='word_1_126' title='bbox 221 2180 312 2232; x_wconf 91' lang='lat' dir='ltr'>motu</span> <span class='ocrx_word' id='word_1_127' title='bbox 331 2190 411 2254; x_wconf 90' lang='lat' dir='ltr'>quae</span> <span class='ocrx_word' id='word_1_128' title='bbox 432 2166 565 2231; x_wconf 86' lang='lat' dir='ltr'>candida</span> <span class='ocrx_word' id='word_1_129' title='bbox 586 2168 693 2233; x_wconf 85' lang='lat' dir='ltr'>sidera</span> <span class='ocrx_word' id='word_1_130' title='bbox 713 2179 836 2233; x_wconf 87' lang='lat' dir='ltr'>verset.</span> 
     </span>
     <span class='ocr_line' id='line_1_20' title="bbox 28 2270 1135 2355; baseline 0.004 -22"><span class='ocrx_word' id='word_1_131' title='bbox 28 2274 135 2334; x_wconf 79' lang='lat' dir='ltr'>&#39;l&#39;entat</span> <span class='ocrx_word' id='word_1_132' title='bbox 154 2272 238 2336; x_wconf 91' lang='lat' dir='ltr'>enim</span> <span class='ocrx_word' id='word_1_133' title='bbox 260 2270 386 2334; x_wconf 82' lang='lat' dir='ltr'>dubiam</span> <span class='ocrx_word' id='word_1_134' title='bbox 407 2282 543 2334; x_wconf 90' lang='lat' dir='ltr'>mentem</span> <span class='ocrx_word' id='word_1_135' title='bbox 563 2270 697 2335; x_wconf 85' lang='lat' dir='ltr'>rationis</span> <span class='ocrx_word' id='word_1_136' title='bbox 719 2282 860 2355; x_wconf 87' lang='lat' dir='ltr'>egestas,</span> <span class='ocrx_word' id='word_1_137' title='bbox 1053 2274 1135 2337; x_wconf 91' lang='grc'><strong>1210</strong></span> 
     </span>
    </p>
   </div>
   <div class='ocr_carea' id='block_1_2' title="bbox 27 2372 934 3072">
    <p class='ocr_par' dir='ltr' id='par_1_2' title="bbox 28 2372 785 2459">
     <span class='ocr_line' id='line_1_21' title="bbox 28 2372 785 2459; baseline 0.004 -24"><span class='ocrx_word' id='word_1_138' title='bbox 28 2375 224 2459; x_wconf 87' lang='lat' dir='ltr'>Ecquaenam</span> <span class='ocrx_word' id='word_1_139' title='bbox 244 2373 343 2437; x_wconf 91' lang='lat' dir='ltr'>suerit</span> <span class='ocrx_word' id='word_1_140' title='bbox 366 2374 472 2436; x_wconf 91' lang='lat' dir='ltr'>mundi</span> <span class='ocrx_word' id='word_1_141' title='bbox 496 2372 785 2458; x_wconf 78' lang='lat' dir='ltr'>genitalisorigo3</span> 
     </span>
    </p>

    <p class='ocr_par' dir='ltr' id='par_1_3' title="bbox 28 2475 919 2560">
     <span class='ocr_line' id='line_1_22' title="bbox 28 2475 919 2560; baseline 0.002 -22"><span class='ocrx_word' id='word_1_142' title='bbox 28 2478 65 2538; x_wconf 85' lang='lat' dir='ltr'>Et</span> <span class='ocrx_word' id='word_1_143' title='bbox 84 2477 192 2553; x_wconf 87' lang='lat' dir='ltr'>simul,</span> <span class='ocrx_word' id='word_1_144' title='bbox 216 2499 336 2560; x_wconf 88' lang='lat' dir='ltr'>ecquae</span> <span class='ocrx_word' id='word_1_145' title='bbox 358 2476 399 2539; x_wconf 86' lang='lat' dir='ltr'>sit</span> <span class='ocrx_word' id='word_1_146' title='bbox 420 2475 510 2550; x_wconf 86' lang='lat' dir='ltr'>finis,</span> <span class='ocrx_word' id='word_1_147' title='bbox 533 2479 642 2560; x_wconf 89' lang='lat' dir='ltr'>quoad</span> <span class='ocrx_word' id='word_1_148' title='bbox 664 2475 788 2540; x_wconf 89' lang='lat' dir='ltr'>moenia</span> <span class='ocrx_word' id='word_1_149' title='bbox 812 2478 919 2540; x_wconf 90' lang='lat' dir='ltr'>mundi</span> 
     </span>
    </p>

    <p class='ocr_par' dir='ltr' id='par_1_4' title="bbox 27 2578 836 2662">
     <span class='ocr_line' id='line_1_23' title="bbox 27 2578 836 2662; baseline 0.001 -21"><span class='ocrx_word' id='word_1_150' title='bbox 27 2580 65 2641; x_wconf 84' lang='lat' dir='ltr'>Et</span> <span class='ocrx_word' id='word_1_151' title='bbox 85 2580 162 2642; x_wconf 90' lang='lat' dir='ltr'>tanti</span> <span class='ocrx_word' id='word_1_152' title='bbox 187 2591 292 2644; x_wconf 91' lang='lat' dir='ltr'>motus</span> <span class='ocrx_word' id='word_1_153' title='bbox 311 2582 396 2642; x_wconf 90' lang='lat' dir='ltr'>hunc</span> <span class='ocrx_word' id='word_1_154' title='bbox 415 2578 541 2662; x_wconf 90' lang='lat' dir='ltr'>possint</span> <span class='ocrx_word' id='word_1_155' title='bbox 561 2579 649 2642; x_wconf 87' lang='lat' dir='ltr'>ferre</span> <span class='ocrx_word' id='word_1_156' title='bbox 671 2579 836 2643; x_wconf 81' lang='lat' dir='ltr'>laborem:</span> 
     </span>
    </p>

    <p class='ocr_par' dir='ltr' id='par_1_5' title="bbox 27 2681 672 2755">
     <span class='ocr_line' id='line_1_24' title="bbox 27 2681 672 2755; baseline 0.006 -14"><span class='ocrx_word' id='word_1_157' title='bbox 27 2682 88 2755; x_wconf 81' lang='lat' dir='ltr'>An,</span> <span class='ocrx_word' id='word_1_158' title='bbox 111 2681 263 2745; x_wconf 90' lang='lat' dir='ltr'>divinitus</span> <span class='ocrx_word' id='word_1_159' title='bbox 284 2693 411 2745; x_wconf 88' lang='lat' dir='ltr'>aeterna</span> <span class='ocrx_word' id='word_1_160' title='bbox 434 2684 552 2744; x_wconf 83' lang='lat' dir='ltr'>donata</span> <span class='ocrx_word' id='word_1_161' title='bbox 572 2683 672 2745; x_wconf 89' lang='lat' dir='ltr'>salute</span> 
     </span>
    </p>

    <p class='ocr_par' dir='ltr' id='par_1_6' title="bbox 27 2782 714 2866">
     <span class='ocr_line' id='line_1_25' title="bbox 27 2782 714 2866; baseline 0.004 -22"><span class='ocrx_word' id='word_1_162' title='bbox 27 2784 183 2865; x_wconf 86' lang='lat' dir='ltr'>Perpetuo</span> <span class='ocrx_word' id='word_1_163' title='bbox 205 2783 334 2866; x_wconf 89' lang='lat' dir='ltr'>possint</span> <span class='ocrx_word' id='word_1_164' title='bbox 356 2782 427 2847; x_wconf 88' lang='lat' dir='ltr'>aevi</span> <span class='ocrx_word' id='word_1_165' title='bbox 449 2782 586 2845; x_wconf 88' lang='lat' dir='ltr'>labentia</span> <span class='ocrx_word' id='word_1_166' title='bbox 608 2794 714 2847; x_wconf 86' lang='lat' dir='ltr'>tractu</span> 
     </span>
    </p>

    <p class='ocr_par' dir='ltr' id='par_1_7' title="bbox 27 2884 934 3072">
     <span class='ocr_line' id='line_1_26' title="bbox 27 2884 753 2950; baseline 0.007 -5"><span class='ocrx_word' id='word_1_167' title='bbox 27 2884 168 2948; x_wconf 83' lang='lat' dir='ltr'>immensi</span> <span class='ocrx_word' id='word_1_168' title='bbox 190 2885 310 2947; x_wconf 86' lang='lat' dir='ltr'>validas</span> <span class='ocrx_word' id='word_1_169' title='bbox 328 2884 400 2949; x_wconf 88' lang='lat' dir='ltr'>aevi</span> <span class='ocrx_word' id='word_1_170' title='bbox 419 2896 623 2949; x_wconf 89' lang='lat' dir='ltr'>contemnere</span> <span class='ocrx_word' id='word_1_171' title='bbox 644 2886 753 2950; x_wconf 89' lang='lat' dir='ltr'>vireis.</span> 
     </span>
     <span class='ocr_line' id='line_1_27' title="bbox 82 2986 934 3072; baseline 0.001 -22"><span class='ocrx_word' id='word_1_172' title='bbox 82 2990 273 3063; x_wconf 88' lang='lat' dir='ltr'>Praeterea,</span> <span class='ocrx_word' id='word_1_173' title='bbox 298 2986 376 3072; x_wconf 91' lang='lat' dir='ltr'>quoi</span> <span class='ocrx_word' id='word_1_174' title='bbox 397 3009 462 3053; x_wconf 92' lang='lat' dir='ltr'>non</span> <span class='ocrx_word' id='word_1_175' title='bbox 486 2986 607 3050; x_wconf 85' lang='lat' dir='ltr'>animus</span> <span class='ocrx_word' id='word_1_176' title='bbox 628 2987 803 3053; x_wconf 86' lang='lat' dir='ltr'>formidine</span> <span class='ocrx_word' id='word_1_177' title='bbox 824 2990 934 3054; x_wconf 76' lang='lat' dir='ltr'>divom</span> 
     </span>
    </p>
   </div>
   <div class='ocr_carea' id='block_1_3' title="bbox 49 3144 61 3169">
    <p class='ocr_par' dir='ltr' id='par_1_8' title="bbox 49 3144 61 3169">
     <span class='ocr_line' id='line_1_28' title="bbox 49 3144 61 3169; baseline 0 0"><span class='ocrx_word' id='word_1_178' title='bbox 49 3144 61 3169; x_wconf 70' lang='grc' dir='ltr'><strong><em>Ι</em></strong></span> 
     </span>
    </p>
   </div>
   <div class='ocr_carea' id='block_1_4' title="bbox 26 3205 1141 4311">
    <p class='ocr_par' dir='ltr' id='par_1_9' title="bbox 26 3205 1141 4311">
     <span class='ocr_line' id='line_1_29' title="bbox 28 3205 1137 3265; baseline 0.005 -17"><span class='ocrx_word' id='word_1_179' title='bbox 28 3207 73 3249; x_wconf 80' lang='lat' dir='ltr'>ulla</span> <span class='ocrx_word' id='word_1_180' title='bbox 90 3214 128 3252; x_wconf 78' lang='lat' dir='ltr'>ert</span> <span class='ocrx_word' id='word_1_181' title='bbox 144 3208 255 3252; x_wconf 80' lang='lat' dir='ltr'>uelatum</span> <span class='ocrx_word' id='word_1_182' title='bbox 272 3205 319 3265; x_wconf 86' lang='lat' dir='ltr'>(sie</span> <span class='ocrx_word' id='word_1_183' title='bbox 332 3207 361 3252; x_wconf 81' lang='lat' dir='ltr'>C.</span> <span class='ocrx_word' id='word_1_184' title='bbox 372 3205 416 3265; x_wconf 88' lang='grc' dir='ltr'>Ε.)</span> <span class='ocrx_word' id='word_1_185' title='bbox 433 3208 524 3252; x_wconf 72' lang='lat' dir='ltr'><strong>Au-fl.</strong></span> <span class='ocrx_word' id='word_1_186' title='bbox 541 3209 583 3256; x_wconf 89' lang='lat' dir='ltr'>W.</span> <span class='ocrx_word' id='word_1_187' title='bbox 604 3229 638 3242; x_wconf 92' lang='lat'>—</span> <span class='ocrx_word' id='word_1_188' title='bbox 655 3209 715 3263; x_wconf 82' lang='lat' dir='ltr'>(ulli</span> <span class='ocrx_word' id='word_1_189' title='bbox 729 3210 835 3253; x_wconf 78' lang='lat' dir='ltr'>uelatum</span> <span class='ocrx_word' id='word_1_190' title='bbox 845 3215 883 3253; x_wconf 79' lang='lat' dir='ltr'>est</span> <span class='ocrx_word' id='word_1_191' title='bbox 893 3208 948 3263; x_wconf 87' lang='lat' dir='ltr'>W.)</span> <span class='ocrx_word' id='word_1_192' title='bbox 986 3207 1062 3254; x_wconf 79' lang='grc'><strong>1198.</strong></span> <span class='ocrx_word' id='word_1_193' title='bbox 1083 3222 1137 3253; x_wconf 82' lang='lat' dir='ltr'>uor-</span> 
     </span>
     <span class='ocr_line' id='line_1_30' title="bbox 27 3274 1136 3346; baseline 0.005 -29"><span class='ocrx_word' id='word_1_194' title='bbox 27 3276 68 3318; x_wconf 78' lang='lat' dir='ltr'>lier</span> <span class='ocrx_word' id='word_1_195' title='bbox 84 3279 184 3333; x_wconf 79' lang='lat' dir='ltr'>proprio</span> <span class='ocrx_word' id='word_1_196' title='bbox 202 3275 352 3335; x_wconf 76' lang='lat' dir='ltr'>significatu,</span> <span class='ocrx_word' id='word_1_197' title='bbox 372 3275 630 3346; x_wconf 54' lang='grc' dir='ltr'>περιστρέφεσθαι.</span> <span class='ocrx_word' id='word_1_198' title='bbox 649 3279 702 3324; x_wconf 84' lang='lat' dir='ltr'>Cfr.</span> <span class='ocrx_word' id='word_1_199' title='bbox 716 3281 817 3323; x_wconf 78' lang='lat' dir='ltr'>Sueten.</span> <span class='ocrx_word' id='word_1_200' title='bbox 830 3279 880 3323; x_wconf 81' lang='lat' dir='ltr'>vu.</span> <span class='ocrx_word' id='word_1_201' title='bbox 893 3276 917 3326; x_wconf 82' lang='lat'>2.</span> <span class='ocrx_word' id='word_1_202' title='bbox 933 3274 1136 3336; x_wconf 58' lang='grc'><strong>1000000000-</strong></span> 
     </span>
     <span class='ocr_line' id='line_1_31' title="bbox 27 3346 1134 3407; baseline 0.005 -20"><span class='ocrx_word' id='word_1_203' title='bbox 27 3357 103 3389; x_wconf 77' lang='lat' dir='ltr'>curem</span> <span class='ocrx_word' id='word_1_204' title='bbox 126 3346 235 3391; x_wconf 77' lang='lat' dir='ltr'>adorari</span> <span class='ocrx_word' id='word_1_205' title='bbox 259 3353 284 3391; x_wconf 80' lang='lat' dir='ltr'>ut</span> <span class='ocrx_word' id='word_1_206' title='bbox 307 3346 381 3392; x_wconf 80' lang='lat' dir='ltr'>deum</span> <span class='ocrx_word' id='word_1_207' title='bbox 399 3348 521 3402; x_wconf 71' lang='lat' dir='ltr'>instituit,</span> <span class='ocrx_word' id='word_1_208' title='bbox 554 3361 627 3407; x_wconf 80' lang='lat' dir='ltr'>quum</span> <span class='ocrx_word' id='word_1_209' title='bbox 648 3373 658 3383; x_wconf 94' lang='lat'>·</span> <span class='ocrx_word' id='word_1_210' title='bbox 677 3374 686 3384; x_wconf 92' lang='lat'>-</span> <span class='ocrx_word' id='word_1_211' title='bbox 704 3361 754 3392; x_wconf 83' lang='lat' dir='ltr'>nen</span> <span class='ocrx_word' id='word_1_212' title='bbox 772 3349 849 3392; x_wconf 79' lang='lat' dir='ltr'>aliter</span> <span class='ocrx_word' id='word_1_213' title='bbox 866 3346 938 3392; x_wconf 81' lang='lat' dir='ltr'>odire</span> <span class='ocrx_word' id='word_1_214' title='bbox 956 3361 1035 3393; x_wconf 71' lang='lat' dir='ltr'>nunus</span> <span class='ocrx_word' id='word_1_215' title='bbox 1053 3354 1134 3405; x_wconf 76' lang='lat' dir='ltr'>esset,</span> 
     </span>
     <span class='ocr_line' id='line_1_32' title="bbox 26 3414 1137 3476; baseline 0.005 -20"><span class='ocrx_word' id='word_1_216' title='bbox 26 3428 91 3471; x_wconf 75' lang='lat' dir='ltr'>quium</span> <span class='ocrx_word' id='word_1_217' title='bbox 108 3418 191 3474; x_wconf 83' lang='lat' dir='ltr'>cupite</span> <span class='ocrx_word' id='word_1_218' title='bbox 211 3417 290 3461; x_wconf 78' lang='lat' dir='ltr'>uelato</span> <span class='ocrx_word' id='word_1_219' title='bbox 308 3419 550 3476; x_wconf 72' lang='lat' dir='ltr'>circumuertensque</span> <span class='ocrx_word' id='word_1_220' title='bbox 568 3431 610 3471; x_wconf 77' lang='lat' dir='ltr'>re,</span> <span class='ocrx_word' id='word_1_221' title='bbox 630 3417 719 3462; x_wconf 78' lang='lat' dir='ltr'>deinde</span> <span class='ocrx_word' id='word_1_222' title='bbox 735 3416 911 3476; x_wconf 72' lang='lat' dir='ltr'>procumbens.</span> <span class='ocrx_word' id='word_1_223' title='bbox 950 3414 1025 3463; x_wconf 88' lang='grc'><strong>1202.</strong></span> <span class='ocrx_word' id='word_1_224' title='bbox 1042 3424 1137 3475; x_wconf 78' lang='lat' dir='ltr'>punctu</span> 
     </span>
     <span class='ocr_line' id='line_1_33' title="bbox 27 3484 1136 3544; baseline 0.006 -19"><span class='ocrx_word' id='word_1_225' title='bbox 27 3484 52 3527; x_wconf 83' lang='grc'>0.</span> <span class='ocrx_word' id='word_1_226' title='bbox 64 3485 91 3528; x_wconf 89' lang='lat' dir='ltr'>L.</span> <span class='ocrx_word' id='word_1_227' title='bbox 102 3487 131 3531; x_wconf 79' lang='lat' dir='ltr'>ll.</span> <span class='ocrx_word' id='word_1_228' title='bbox 180 3484 255 3531; x_wconf 85' lang='grc'><strong>1206.</strong></span> <span class='ocrx_word' id='word_1_229' title='bbox 273 3494 374 3543; x_wconf 74' lang='lat' dir='ltr'>pectore</span> <span class='ocrx_word' id='word_1_230' title='bbox 385 3488 454 3531; x_wconf 79' lang='lat' dir='ltr'>Brix.</span> <span class='ocrx_word' id='word_1_231' title='bbox 468 3487 588 3531; x_wconf 65' lang='lat' dir='ltr'>›lu-Heu.</span> <span class='ocrx_word' id='word_1_232' title='bbox 603 3488 678 3535; x_wconf 83' lang='lat' dir='ltr'>Forb.</span> <span class='ocrx_word' id='word_1_233' title='bbox 697 3512 730 3521; x_wconf 96' lang='lat'><em>-</em></span> <span class='ocrx_word' id='word_1_234' title='bbox 745 3493 850 3544; x_wconf 78' lang='lat' dir='ltr'>pectora</span> <span class='ocrx_word' id='word_1_235' title='bbox 865 3489 925 3532; x_wconf 83' lang='lat' dir='ltr'>Cdd.</span> <span class='ocrx_word' id='word_1_236' title='bbox 937 3489 994 3544; x_wconf 81' lang='lat' dir='ltr'>aliq.</span> <span class='ocrx_word' id='word_1_237' title='bbox 1009 3485 1093 3544; x_wconf 81' lang='lat' dir='ltr'>(etiam</span> <span class='ocrx_word' id='word_1_238' title='bbox 1107 3489 1136 3532; x_wconf 82' lang='lat' dir='ltr'>C.</span> 
     </span>
     <span class='ocr_line' id='line_1_34' title="bbox 26 3553 1136 3617; baseline 0.006 -22"><span class='ocrx_word' id='word_1_239' title='bbox 26 3553 63 3606; x_wconf 83' lang='grc' dir='ltr'><strong>Ε.)</strong></span> <span class='ocrx_word' id='word_1_240' title='bbox 87 3558 148 3600; x_wconf 79' lang='lat' dir='ltr'>Ver.</span> <span class='ocrx_word' id='word_1_241' title='bbox 180 3558 243 3602; x_wconf 82' lang='lat' dir='ltr'>Veu.</span> <span class='ocrx_word' id='word_1_242' title='bbox 266 3557 308 3600; x_wconf 94' lang='lat' dir='ltr'>W.</span> <span class='ocrx_word' id='word_1_243' title='bbox 334 3557 427 3601; x_wconf 84' lang='lat' dir='ltr'>Eicbst.</span> <span class='ocrx_word' id='word_1_244' title='bbox 460 3558 638 3602; x_wconf 81' lang='lat' dir='ltr'>constructione</span> <span class='ocrx_word' id='word_1_245' title='bbox 664 3563 689 3602; x_wconf 85' lang='lat' dir='ltr'>ct</span> <span class='ocrx_word' id='word_1_246' title='bbox 715 3555 889 3617; x_wconf 79' lang='lat' dir='ltr'>significatione</span> <span class='ocrx_word' id='word_1_247' title='bbox 916 3558 989 3601; x_wconf 83' lang='lat' dir='ltr'>nimis</span> <span class='ocrx_word' id='word_1_248' title='bbox 1016 3562 1136 3602; x_wconf 72' lang='lat' dir='ltr'>contorta.</span> 
     </span>
     <span class='ocr_line' id='line_1_35' title="bbox 29 3620 1138 3683; baseline 0.005 -19"><span class='ocrx_word' id='word_1_249' title='bbox 29 3620 96 3668; x_wconf 76' lang='grc'><strong>1208.</strong></span> <span class='ocrx_word' id='word_1_250' title='bbox 114 3624 153 3670; x_wconf 85' lang='lat' dir='ltr'>Ne</span> <span class='ocrx_word' id='word_1_251' title='bbox 175 3639 238 3683; x_wconf 75' lang='lat' dir='ltr'>quus</span> <span class='ocrx_word' id='word_1_252' title='bbox 260 3625 336 3674; x_wconf 84' lang='lat' dir='ltr'>Codd.</span> <span class='ocrx_word' id='word_1_253' title='bbox 354 3626 415 3671; x_wconf 85' lang='lat' dir='ltr'>Edd.</span> <span class='ocrx_word' id='word_1_254' title='bbox 430 3631 488 3670; x_wconf 84' lang='lat' dir='ltr'>velt.</span> <span class='ocrx_word' id='word_1_255' title='bbox 505 3628 548 3671; x_wconf 89' lang='lat' dir='ltr'>W.</span> <span class='ocrx_word' id='word_1_256' title='bbox 565 3626 706 3681; x_wconf 79' lang='lat' dir='ltr'>verissime,</span> <span class='ocrx_word' id='word_1_257' title='bbox 727 3629 750 3671; x_wconf 89' lang='lat' dir='ltr'>in</span> <span class='ocrx_word' id='word_1_258' title='bbox 766 3626 900 3671; x_wconf 86' lang='lat' dir='ltr'>huiusmodi</span> <span class='ocrx_word' id='word_1_259' title='bbox 917 3626 1064 3672; x_wconf 77' lang='lat' dir='ltr'>dubitatione</span> <span class='ocrx_word' id='word_1_260' title='bbox 1083 3641 1138 3670; x_wconf 87' lang='lat' dir='ltr'>eum</span> 
     </span>
     <span class='ocr_line' id='line_1_36' title="bbox 27 3693 1137 3755; baseline 0.005 -21"><span class='ocrx_word' id='word_1_261' title='bbox 27 3697 201 3748; x_wconf 79' lang='lat' dir='ltr'>pavoremixta.</span> <span class='ocrx_word' id='word_1_262' title='bbox 214 3693 385 3740; x_wconf 58' lang='grc'><strong>01001223.</strong></span> <span class='ocrx_word' id='word_1_263' title='bbox 401 3717 431 3729; x_wconf 92' lang='grc'>-</span> <span class='ocrx_word' id='word_1_264' title='bbox 450 3694 703 3755; x_wconf 76' lang='lat' dir='ltr'>ElquneCd.C.As.</span> <span class='ocrx_word' id='word_1_265' title='bbox 724 3720 756 3730; x_wconf 92' lang='lat'>·-</span> <span class='ocrx_word' id='word_1_266' title='bbox 774 3695 875 3755; x_wconf 78' lang='lat' dir='ltr'>Ecqune</span> <span class='ocrx_word' id='word_1_267' title='bbox 891 3695 930 3740; x_wconf 84' lang='lat' dir='ltr'>Pii</span> <span class='ocrx_word' id='word_1_268' title='bbox 943 3697 1019 3741; x_wconf 84' lang='lat' dir='ltr'>Codd.</span> <span class='ocrx_word' id='word_1_269' title='bbox 1030 3696 1137 3744; x_wconf 80' lang='lat' dir='ltr'>n.1..fl.</span> 
     </span>
     <span class='ocr_line' id='line_1_37' title="bbox 26 3761 1139 3818; baseline 0.003 -12"><span class='ocrx_word' id='word_1_270' title='bbox 26 3763 110 3808; x_wconf 76' lang='lat' dir='ltr'>Eiebst.</span> <span class='ocrx_word' id='word_1_271' title='bbox 168 3761 233 3807; x_wconf 88' lang='grc'><strong>1211</strong></span> <span class='ocrx_word' id='word_1_272' title='bbox 248 3770 272 3809; x_wconf 83' lang='lat' dir='ltr'>et</span> <span class='ocrx_word' id='word_1_273' title='bbox 285 3763 361 3810; x_wconf 85' lang='grc'><strong>1212.</strong></span> <span class='ocrx_word' id='word_1_274' title='bbox 387 3766 431 3809; x_wconf 85' lang='lat' dir='ltr'>llic</span> <span class='ocrx_word' id='word_1_275' title='bbox 451 3772 535 3810; x_wconf 83' lang='lat' dir='ltr'>eontra</span> <span class='ocrx_word' id='word_1_276' title='bbox 556 3766 586 3809; x_wconf 73' lang='lat' dir='ltr'>A.</span> <span class='ocrx_word' id='word_1_277' title='bbox 603 3766 633 3810; x_wconf 88' lang='lat' dir='ltr'>L.</span> <span class='ocrx_word' id='word_1_278' title='bbox 652 3767 682 3810; x_wconf 85' lang='grc' dir='ltr'><strong>Η.</strong></span> <span class='ocrx_word' id='word_1_279' title='bbox 702 3767 795 3810; x_wconf 85' lang='lat' dir='ltr'>Eicbst.</span> <span class='ocrx_word' id='word_1_280' title='bbox 818 3770 913 3810; x_wconf 84' lang='lat' dir='ltr'>secutus</span> <span class='ocrx_word' id='word_1_281' title='bbox 934 3779 1001 3818; x_wconf 80' lang='lat' dir='ltr'>suin,</span> <span class='ocrx_word' id='word_1_282' title='bbox 1030 3766 1139 3811; x_wconf 84' lang='lat' dir='ltr'>scribens</span> 
     </span>
     <span class='ocr_line' id='line_1_38' title="bbox 27 3831 1141 3896; baseline 0.002 -20"><span class='ocrx_word' id='word_1_283' title='bbox 27 3831 180 3890; x_wconf 77' lang='lat' dir='ltr'>Ecquuenam</span> <span class='ocrx_word' id='word_1_284' title='bbox 191 3858 200 3868; x_wconf 94' lang='lat'>-</span> <span class='ocrx_word' id='word_1_285' title='bbox 210 3859 220 3869; x_wconf 91' lang='lat'><strong>·</strong></span> <span class='ocrx_word' id='word_1_286' title='bbox 230 3848 330 3893; x_wconf 75' lang='lat' dir='ltr'>ecquae.</span> <span class='ocrx_word' id='word_1_287' title='bbox 344 3836 419 3880; x_wconf 86' lang='lat' dir='ltr'>Codd.</span> <span class='ocrx_word' id='word_1_288' title='bbox 428 3835 489 3880; x_wconf 82' lang='lat' dir='ltr'>Edd.</span> <span class='ocrx_word' id='word_1_289' title='bbox 498 3841 556 3880; x_wconf 86' lang='lat' dir='ltr'>vett.</span> <span class='ocrx_word' id='word_1_290' title='bbox 566 3836 608 3879; x_wconf 86' lang='lat' dir='ltr'>W.</span> <span class='ocrx_word' id='word_1_291' title='bbox 621 3834 654 3879; x_wconf 76' lang='lat' dir='ltr'>Er</span> <span class='ocrx_word' id='word_1_292' title='bbox 666 3849 789 3893; x_wconf 75' lang='lat' dir='ltr'>quaenam</span> <span class='ocrx_word' id='word_1_293' title='bbox 801 3861 810 3871; x_wconf 90' lang='lat'><em>·</em></span> <span class='ocrx_word' id='word_1_294' title='bbox 825 3859 834 3872; x_wconf 92' lang='lat'><strong>·</strong></span> <span class='ocrx_word' id='word_1_295' title='bbox 847 3841 948 3896; x_wconf 75' lang='lat' dir='ltr'>sequias.</span> <span class='ocrx_word' id='word_1_296' title='bbox 988 3832 1064 3880; x_wconf 82' lang='lat'><strong>121³.</strong></span> <span class='ocrx_word' id='word_1_297' title='bbox 1076 3836 1141 3879; x_wconf 76' lang='lat' dir='ltr'>tenti</span> 
     </span>
     <span class='ocr_line' id='line_1_39' title="bbox 27 3901 1140 3962; baseline 0.001 -16"><span class='ocrx_word' id='word_1_298' title='bbox 27 3904 80 3947; x_wconf 79' lang='lat' dir='ltr'>Brit.</span> <span class='ocrx_word' id='word_1_299' title='bbox 95 3901 119 3947; x_wconf 87' lang='grc'>2.</span> <span class='ocrx_word' id='word_1_300' title='bbox 133 3903 181 3946; x_wconf 78' lang='lat' dir='ltr'>Ar.</span> <span class='ocrx_word' id='word_1_301' title='bbox 198 3903 226 3947; x_wconf 91' lang='lat' dir='ltr'>L.</span> <span class='ocrx_word' id='word_1_302' title='bbox 242 3904 273 3951; x_wconf 87' lang='lat' dir='ltr'>fl.</span> <span class='ocrx_word' id='word_1_303' title='bbox 293 3928 326 3939; x_wconf 89' lang='lat'>—</span> <span class='ocrx_word' id='word_1_304' title='bbox 349 3905 421 3949; x_wconf 80' lang='lat' dir='ltr'>taciti</span> <span class='ocrx_word' id='word_1_305' title='bbox 437 3905 508 3950; x_wconf 67' lang='lat' dir='ltr'><strong>(LE.</strong></span> <span class='ocrx_word' id='word_1_306' title='bbox 527 3906 619 3962; x_wconf 81' lang='lat' dir='ltr'>Pleriq.</span> <span class='ocrx_word' id='word_1_307' title='bbox 637 3904 698 3950; x_wconf 85' lang='lat' dir='ltr'>Gdd.</span> <span class='ocrx_word' id='word_1_308' title='bbox 716 3906 758 3950; x_wconf 88' lang='lat' dir='ltr'>W.</span> <span class='ocrx_word' id='word_1_309' title='bbox 777 3905 869 3952; x_wconf 85' lang='lat' dir='ltr'>Eicbst.</span> <span class='ocrx_word' id='word_1_310' title='bbox 895 3907 941 3951; x_wconf 85' lang='lat' dir='ltr'>Sed</span> <span class='ocrx_word' id='word_1_311' title='bbox 959 3907 1027 3950; x_wconf 84' lang='lat' dir='ltr'>huius</span> <span class='ocrx_word' id='word_1_312' title='bbox 1042 3905 1140 3961; x_wconf 84' lang='lat' dir='ltr'>epitheti</span> 
     </span>
     <span class='ocr_line' id='line_1_40' title="bbox 27 3972 1140 4032; baseline -0.001 -15"><span class='ocrx_word' id='word_1_313' title='bbox 27 3972 138 4017; x_wconf 84' lang='lat' dir='ltr'>rationem</span> <span class='ocrx_word' id='word_1_314' title='bbox 163 3974 202 4016; x_wconf 80' lang='lat' dir='ltr'>vix</span> <span class='ocrx_word' id='word_1_315' title='bbox 227 3974 351 4032; x_wconf 84' lang='lat' dir='ltr'>quisquam</span> <span class='ocrx_word' id='word_1_316' title='bbox 369 3980 434 4020; x_wconf 84' lang='lat' dir='ltr'>recte</span> <span class='ocrx_word' id='word_1_317' title='bbox 459 3976 579 4029; x_wconf 76' lang='lat' dir='ltr'>explicare</span> <span class='ocrx_word' id='word_1_318' title='bbox 598 3976 695 4029; x_wconf 83' lang='lat' dir='ltr'>poterit.</span> <span class='ocrx_word' id='word_1_319' title='bbox 734 3975 824 4020; x_wconf 71' lang='lat' dir='ltr'>(lotura</span> <span class='ocrx_word' id='word_1_320' title='bbox 849 3977 928 4030; x_wconf 79' lang='lat' dir='ltr'>tanti,</span> <span class='ocrx_word' id='word_1_321' title='bbox 947 3980 1007 4018; x_wconf 58' lang='lat' dir='ltr'>‘tum</span> <span class='ocrx_word' id='word_1_322' title='bbox 1031 3976 1140 4032; x_wconf 75' lang='lat' dir='ltr'>ingentes</span> 
     </span>
     <span class='ocr_line' id='line_1_41' title="bbox 28 4037 1139 4105; baseline -0.005 -14"><span class='ocrx_word' id='word_1_323' title='bbox 28 4046 98 4086; x_wconf 72' lang='lat' dir='ltr'>molus</span> <span class='ocrx_word' id='word_1_324' title='bbox 115 4038 172 4092; x_wconf 81' lang='grc' dir='ltr'>τοῦ</span> <span class='ocrx_word' id='word_1_325' title='bbox 190 4037 302 4105; x_wconf 79' lang='grc' dir='ltr'><strong><em>παντὸς</em></strong></span> <span class='ocrx_word' id='word_1_326' title='bbox 320 4058 363 4099; x_wconf 80' lang='lat' dir='ltr'>per</span> <span class='ocrx_word' id='word_1_327' title='bbox 381 4059 406 4090; x_wconf 85' lang='lat' dir='ltr'>se</span> <span class='ocrx_word' id='word_1_328' title='bbox 424 4044 599 4103; x_wconf 83' lang='lat' dir='ltr'>intelliguntur.</span> <span class='ocrx_word' id='word_1_329' title='bbox 635 4045 709 4090; x_wconf 84' lang='lat' dir='ltr'>Peius</span> <span class='ocrx_word' id='word_1_330' title='bbox 722 4046 795 4089; x_wconf 80' lang='lat' dir='ltr'>etiam</span> <span class='ocrx_word' id='word_1_331' title='bbox 806 4050 857 4098; x_wconf 85' lang='lat' dir='ltr'>est,</span> <span class='ocrx_word' id='word_1_332' title='bbox 878 4046 940 4102; x_wconf 88' lang='lat' dir='ltr'>quod</span> <span class='ocrx_word' id='word_1_333' title='bbox 956 4045 1030 4087; x_wconf 77' lang='lat' dir='ltr'>Wak.</span> <span class='ocrx_word' id='word_1_334' title='bbox 1041 4044 1139 4088; x_wconf 85' lang='lat' dir='ltr'>etKne·</span> 
     </span>
     <span class='ocr_line' id='line_1_42' title="bbox 28 4110 1140 4173; baseline -0.001 -18"><span class='ocrx_word' id='word_1_335' title='bbox 28 4112 85 4157; x_wconf 79' lang='lat' dir='ltr'>bello</span> <span class='ocrx_word' id='word_1_336' title='bbox 104 4113 192 4167; x_wconf 86' lang='lat' dir='ltr'>placuit</span> <span class='ocrx_word' id='word_1_337' title='bbox 210 4113 242 4158; x_wconf 80' lang='lat' dir='ltr'>Et</span> <span class='ocrx_word' id='word_1_338' title='bbox 259 4114 332 4158; x_wconf 78' lang='lat' dir='ltr'>taciti</span> <span class='ocrx_word' id='word_1_339' title='bbox 348 4111 445 4167; x_wconf 66' lang='lat' dir='ltr'>motus,</span> <span class='ocrx_word' id='word_1_340' title='bbox 465 4116 625 4173; x_wconf 64' lang='grc' dir='ltr'>μ010100ςο</span> <span class='ocrx_word' id='word_1_341' title='bbox 643 4114 683 4159; x_wconf 82' lang='lat' dir='ltr'>die</span> <span class='ocrx_word' id='word_1_342' title='bbox 700 4112 811 4158; x_wconf 79' lang='lat' dir='ltr'>Manem</span> <span class='ocrx_word' id='word_1_343' title='bbox 828 4113 872 4158; x_wconf 78' lang='lat' dir='ltr'>der</span> <span class='ocrx_word' id='word_1_344' title='bbox 894 4112 1023 4156; x_wconf 79' lang='lat' dir='ltr'>Weltbnur</span> <span class='ocrx_word' id='word_1_345' title='bbox 1041 4110 1140 4155; x_wconf 69' lang='lat' dir='ltr'>konnen</span> 
     </span>
     <span class='ocr_line' id='line_1_43' title="bbox 28 4177 1138 4244; baseline -0.005 -17"><span class='ocrx_word' id='word_1_346' title='bbox 28 4183 63 4227; x_wconf 81' lang='lat' dir='ltr'>die</span> <span class='ocrx_word' id='word_1_347' title='bbox 80 4179 141 4226; x_wconf 72' lang='lat' dir='ltr'>Luat</span> <span class='ocrx_word' id='word_1_348' title='bbox 158 4189 300 4244; x_wconf 78' lang='lat' dir='ltr'>nuatrugen</span> <span class='ocrx_word' id='word_1_349' title='bbox 317 4182 383 4227; x_wconf 69' lang='lat' dir='ltr'>uncle</span> <span class='ocrx_word' id='word_1_350' title='bbox 407 4183 493 4229; x_wconf 79' lang='lat' dir='ltr'>diem</span> <span class='ocrx_word' id='word_1_351' title='bbox 516 4197 545 4228; x_wconf 72' lang='lat' dir='ltr'>co</span> <span class='ocrx_word' id='word_1_352' title='bbox 569 4183 654 4227; x_wconf 81' lang='lat' dir='ltr'>stillen</span> <span class='ocrx_word' id='word_1_353' title='bbox 678 4181 851 4242; x_wconf 80' lang='lat' dir='ltr'>Beweguug.’&#39;</span> <span class='ocrx_word' id='word_1_354' title='bbox 894 4181 990 4225; x_wconf 84' lang='lat' dir='ltr'>Etenim</span> <span class='ocrx_word' id='word_1_355' title='bbox 1013 4177 1047 4225; x_wconf 74' lang='lat' dir='ltr'>Er</span> <span class='ocrx_word' id='word_1_356' title='bbox 1065 4179 1138 4224; x_wconf 76' lang='lat' dir='ltr'>taciti</span> 
     </span>
     <span class='ocr_line' id='line_1_44' title="bbox 28 4247 1001 4311; baseline -0.003 -16"><span class='ocrx_word' id='word_1_357' title='bbox 28 4256 102 4295; x_wconf 71' lang='lat' dir='ltr'>motus</span> <span class='ocrx_word' id='word_1_358' title='bbox 119 4266 239 4310; x_wconf 81' lang='lat' dir='ltr'>nunqnam</span> <span class='ocrx_word' id='word_1_359' title='bbox 257 4254 339 4300; x_wconf 81' lang='lat' dir='ltr'>dicere</span> <span class='ocrx_word' id='word_1_360' title='bbox 357 4259 453 4311; x_wconf 76' lang='lat' dir='ltr'>poteret</span> <span class='ocrx_word' id='word_1_361' title='bbox 470 4267 515 4310; x_wconf 84' lang='lat' dir='ltr'>pro</span> <span class='ocrx_word' id='word_1_362' title='bbox 533 4252 622 4307; x_wconf 86' lang='lat' dir='ltr'>„buius</span> <span class='ocrx_word' id='word_1_363' title='bbox 640 4253 790 4311; x_wconf 79' lang='lat' dir='ltr'>quantumvis</span> <span class='ocrx_word' id='word_1_364' title='bbox 809 4250 874 4296; x_wconf 80' lang='lat' dir='ltr'>taciti</span> <span class='ocrx_word' id='word_1_365' title='bbox 892 4247 1001 4296; x_wconf 50' lang='lat' dir='ltr'>motti?</span> 
     </span>
    </p>
   </div>
   <div class='ocr_carea' id='block_1_5' title="bbox 0 0 1395 4750">
    <p class='ocr_par' dir='ltr' id='par_1_10' title="bbox 0 0 1395 4750">
     <span class='ocr_line' id='line_1_45' title="bbox 0 0 1395 4750; baseline 0 0"><span class='ocrx_word' id='word_1_366' title='bbox 0 0 1395 4750; x_wconf 95' lang='lat' dir='ltr'> </span> 
     </span>
    </p>
   </div>
  </div>
 </body>
</html>
