2736 4748
143 220 152 235 '
196 219 257 281 286

320 381 416 444 0111.
450 374 855 441 Sex.'1rni.aoarnorl.
879 396 1020 438 censer.
1045 397 1102 441 au.
1126 400 1189 443 vu.

435 488 615 569 (inscriptt.
639 508 737 550 mear.
761 487 868 553 Latin.
890 488 935 551 Ν.
959 488 1073 566 1835.)

195 602 245 665 Te
267 612 352 663 terra
377 602 542 675 obtestor,
567 599 682 661 leviter
704 618 801 680 super
823 618 895 662 ossa
918 596 1064 680 quiescas

257 705 301 766 Et
325 712 453 764 tenerae
476 700 573 763 aetati
595 721 634 764 ne
658 699 766 785 gravis
789 719 858 762 esse
881 700 973 764 velis.

222 860 329 925 'CIV.
354 880 449 921 svera
472 879 604 922 uterne.
628 856 809 935 (Moreellii
831 858 922 939 Opp.
945 857 1050 942 epigr.
1073 859 1104 922 1.
1127 881 1162 942 p.
1185 861 1280 939 1138.)

192 971 253 1034 His
276 970 401 1033 loribus
423 990 516 1032 carae
539 970 693 1032 recubant
714 967 789 1030 mibi
811 967 961 1051 coniugis
984 990 1057 1032 ossa

255 1075 519 1154 Exspectantque
541 1070 607 1134 suis
630 1083 753 1132 utores
777 1070 989 1134 contribuam.

192 1176 222 1236 T
226 1175 328 1237 ossius
350 1173 407 1235 ista
431 1172 488 1235 tibi
509 1171 658 1253 promisit
679 1192 774 1253 saepe
796 1164 939 1253 petenti:

254 1274 457 1352 Praestabit,
484 1276 600 1337 ilianes
621 1273 649 1337 si
671 1276 768 1338 modo
789 1275 891 1357 tangit
913 1295 1017 1338 arnor.

190 1437 267 1500 011⁷.
310 1435 387 1499 Dis.
421 1456 582 1497 assumus.
622 1452 779 1496 charnu.
810 1455 859 1494 rr.
889 1452 1030 1494 avovsrr
1061 1454 1095 1496 ῐ..
1127 1456 1322 1499 consumare

346 1558 467 1599 aunon.
491 1558 606 1599 xvrtu.
640 1533 820 1616 (inscriptt.
843 1535 952 1595 Latin.
977 1536 1020 1598 N.
1043 1535 1153 1613 4852.)

189 1648 269 1709 haec
291 1667 356 1729 ego
378 1645 427 1709 his
450 1649 549 1709 denos
573 1648 712 1709 nondum
737 1658 857 1707 matura
880 1667 940 1726 per
962 1666 1061 1707 annos

253 1752 380 1811 condor
401 1749 498 1812 humo
522 1749 633 1811 multis
656 1759 729 1810 nota
753 1749 910 1811 torcha
933 1746 1034 1810 iocis.

189 1850 315 1933 exiguo
338 1850 442 1915 Vitae
465 1850 577 1931 spallo
600 1849 752 1912 feliciter
774 1860 847 1911 scto

253 1953 359 2037 effugi
383 1953 506 2015 crimen
529 1954 629 2035 longa
651 1963 779 2015 senecta
802 1962 903 2013 tuum.

237 2094 330 2157 CVI.
362 2090 458 2156 Accii
478 2091 612 2156 Sinceri
633 2089 857 2156 Sannozorii.
889 2092 931 2155 In
951 2109 1262 2172 gemmomsnom·

643 2194 759 2272 (L.1.
785 2193 851 2270 lb.)

160 2386 165 2389 .
188 2304 298 2378 Haec,
323 2303 399 2366 mibi
421 2324 503 2389 quae
524 2324 639 2367 roseos
662 2302 753 2366 iussit
774 2305 907 2366 sortiere
929 2301 1117 2383 hyacinthos
1210 2324 1213 2329 ·

251 2408 294 2468 Et
317 2407 396 2468 nitet
417 2406 558 2468 articulis
581 2404 671 2468 unica
696 2426 819 2488 gemma
842 2404 938 2480 meis,

188 2505 289 2569 Cuius
312 2507 342 2568 in
367 2506 485 2590 exiguo
509 2510 624 2570 ductor
646 2517 707 2569 stat
730 2507 870 2570 Troicus
893 2509 991 2583 orbe,

250 2608 472 2691 Anchisesque
494 2628 593 2672 senex
615 2607 837 2692 Ascaniusque
859 2627 961 2691 puers

186 2709 265 2788 Quis
289 2708 420 2773 credat?
442 2721 568 2773 veteres
590 2709 673 2772 ister
693 2710 840 2791 'neglecta
862 2711 968 2774 rrrinas

250 2813 294 2873 Et
317 2812 372 2874 vili
396 2811 485 2873 latuit
507 2811 712 2893 semisepulta
734 2813 819 2875 solo.

185 2913 237 2975 Tu
262 2924 364 2974 tamen
388 2915 544 2976 obrueres
566 2923 696 2987 necte,
723 2914 889 2989 Sinuessa,
912 2916 1052 2995 pudebat

247 3015 323 3077 Hoc
345 3016 441 3076 deciis
462 3016 542 3081 heul
563 3013 659 3077 terris
682 3016 860 3080 occuluisse
884 3018 954 3082 tuis.

185 3114 315 3178 Scilicet
337 3117 480 3179 Aeneam
502 3126 672 3200 ostrumque
694 3106 882 3200 patremque
906 3129 1069 3201 gerentem

246 3217 380 3299 ignibus
401 3228 532 3298 ereptos
554 3218 774 3302 obrueresque
795 3219 897 3283 deos?
1265 3224 1310 3281 10
1360 3246 1362 3327 q

182 3317 324 3381 Parcere
347 3320 524 3394 debueras,
548 3320 599 3382 oui
620 3318 680 3382 ism
702 3321 755 3402 pia
776 3321 898 3383 flamma
921 3322 1090 3403 pepercit,

244 3421 369 3483 Necte
392 3429 455 3481 tam
478 3419 564 3503 turpi
586 3423 781 3485 dedecorare
804 3435 891 3500 note.

180 3521 226 3582 Et
248 3520 387 3583 dubitem
411 3522 592 3605 Belgasque
613 3523 703 3588 ieros
724 3523 911 3608 rigidosque
935 3522 1127 3603 Britannos,

243 3622 316 3682 Hac
339 3622 474 3698 comite,
497 3622 682 3707 ignotoset
704 3638 873 3706 penetrare
896 3624 1007 3689 sinus?

180 3720 272 3784 Haeo
295 3735 341 3784 est
363 3722 482 3787 iliacos
503 3725 604 3807 pietas
626 3736 768 3808 spectata
789 3748 849 3807 per
871 3727 982 3812 ignes,

197 3905 200 3909 φ
244 3823 350 3903 Quom
374 3824 476 3887 verita
498 3838 546 3890 est
567 3828 730 3911 profugos
752 3828 878 3892 laedere
899 3830 1024 3892 flamma
1047 3832 1136 3894 deos.
1206 3846 1211 3851 ·

303 3964 415 4027 orn.
459 3936 640 4029 κώεα...
680 3969 723 4032 ιη
745 3966 938 4050 Quintium.
970 3970 1028 4047 (n.
1054 3970 1085 4030 a.
1109 3966 1179 4045 es.)

180 4069 277 4134 Clara
299 4070 359 4133 tihi
381 4071 493 4135 videor
515 4073 681 4154 scripsisse
703 4076 950 4160 epigrammata,
976 4077 1099 4159 Quinti.

251 4264 303 4309 CV0
330 4266 431 4314 Patavii
451 4280 526 4321 nuper
545 4275 665 4323 repertum
684 4279 720 4316 est
738 4276 861 4332 oliliquum
880 4276 925 4321 boc
944 4277 1100 4322 eteosticiron.
