2772 4750
241 174 300 238 156
605 159 659 234 tt
675 155 718 246 ΙΙ
744 138 851 299 il

910 270 915 281 Ι

309 333 410 393 Lusus
431 329 480 394 II.
517 328 709 392 ELEGIA.
731 329 779 391 X.
824 328 1280 415 Buu1.‘(111.1v.1.tcau.)

238 433 503 516 Quandocumque
524 429 623 515 igitur
644 440 776 493 nostros
797 426 885 492 soors
907 431 1034 494 claudet
1057 432 1200 510 ocellos,

302 532 425 614 Accipe
447 553 529 616 qliae
551 551 661 596 serves
682 529 805 594 funeris
827 542 897 593 acta
920 531 993 593 mei.
1050 612 1053 619 ἱ
1227 596 1232 611 ,

239 636 309 698 Nec
331 655 397 697 mea
418 645 495 696 tunc
515 633 616 715 longa
638 631 793 713 spatietur
815 631 954 715 imagine
975 654 1119 718 pompa,
1158 664 1160 669 ·
1220 657 1225 666 ·

197 800 202 809 ,
301 739 370 798 Nec
391 737 468 797 tube
490 732 531 796 sit
551 732 611 795 fati
635 753 714 798 vana
736 733 867 816 querela
890 734 971 810 naci,

187 852 189 859 '
238 838 309 901 Nec
329 835 406 898 mihi
426 847 502 898 tunc
521 834 630 898 tulero
651 844 810 896 sternatur
832 833 934 897 lectus
956 836 1104 912 eburno,

300 939 371 999 Nec
391 935 434 998 sit
453 935 486 997 in
507 934 651 999 Attalico
674 954 762 997 mors
785 954 854 996 mea
876 934 951 997 nixa
972 947 1066 999 toro.‘

238 1038 332 1102 Desit
353 1035 526 1100 odoriferis
548 1038 630 1099 ordo
654 1034 729 1097 inihi
750 1035 913 1110 lancibus3
937 1036 1038 1099 adsint

299 1137 426 1202 Plebeii
446 1157 567 1219 parvae
588 1135 711 1199 funeris
734 1125 917 1219 esseqoiae.

238 1242 295 1304 Sat
316 1259 384 1300 mea
406 1249 456 1300 sat
477 1258 589 1320 magna
613 1249 678 1312 est,
703 1236 731 1300 si
752 1247 816 1300 tres
838 1236 902 1299 sint
923 1257 1041 1319 pompa
1064 1236 1184 1315 libelli,

300 1340 392 1420 Qtros
414 1359 477 1423 ego
499 1339 730 1419 Persephonae
751 1336 887 1401 msxims
909 1340 994 1402 dona
1014 1339 1129 1403 ferato.
1302 1344 1332 1403 10

238 1444 289 1503 Tu
311 1461 392 1504 vero
414 1441 529 1503 nudum
551 1451 663 1520 pectus
685 1441 823 1501 lacerata
844 1438 1007 1521 sequeris,

300 1542 371 1604 Nec
391 1540 491 1604 lucris
514 1561 630 1604 nomen
651 1541 734 1602 lassa
755 1546 876 1603 vocsrc
898 1561 1014 1616 rusum,

239 1642 422 1725 Osculaque
443 1641 475 1703 in
497 1641 608 1725 gelidis
631 1660 732 1722 pones
753 1658 903 1723 suprema
923 1640 1085 1716 labellis,-

300 1743 407 1823 Quom
429 1742 555 1805 dabitur
577 1741 674 1819 Syrio
697 1760 826 1805 munere
847 1740 961 1824 plenus
984 1764 1086 1823 onyx.
1104 1772 1107 1775 ·

235 1842 379 1917 Deinde,
403 1841 458 1906 ubi
484 1841 669 1923 suppositus
691 1840 830 1905 cinerem
853 1842 1177 1922 nescessitatum,
1303 1849 1331 1907 li
1358 1890 1360 1931 ,

299 1942 446 2025 Accipiat
469 1943 586 2005 Manes
607 1943 741 2023 parvula
763 1953 844 2005 testa
866 1963 973 2019 meos,
1359 1942 1360 1951 ’

235 2045 280 2107 Et
300 2044 342 2107 sit
363 2043 395 2106 in
417 2043 537 2127 exiguo
560 2045 668 2106 laurus
689 2044 894 2124 superaddita
916 2047 1053 2118 husto,¹

299 2146 389 2226 Quae
411 2155 500 2228 tegat
522 2143 671 2208 exstincti
690 2143 812 2208 funeris
834 2147 947 2208 umbra
968 2146 1096 2221 locum,

228 2247 279 2312 Et
301 2250 365 2309 duo
386 2245 448 2313 siut
469 2266 599 2309 versust
632 2246 698 2326 Qui
720 2266 807 2307 nouo
829 2267 931 2308 steno
952 2266 1098 2311 uouurns
1121 2264 1252 2326 suoru,

298 2349 403 2411 Urius
425 2368 482 2410 suc
505 2367 665 2422 uuouusrr
687 2367 806 2410 sessus
827 2348 962 2411 Ausonis
978 2368 1083 2412 noir.
1234 2340 1243 2351 ’
1300 2352 1331 2413 ΙΙΙ

235 2448 306 2511 Nec
326 2447 430 2510 minus
451 2449 531 2511 haec
552 2445 654 2511 nostri
676 2458 821 2511 notescet
839 2448 925 2511 lama
948 2450 1107 2530 sepulcri,

298 2548 401 2628 Quam
423 2548 552 2623 fuerant
573 2548 683 2612 Phthii
704 2551 795 2611 busta
821 2562 954 2612 eruenta
976 2549 1050 2614 viri.

236 2651 289 2713 Tu
311 2667 456 2732 quoque,
481 2648 507 2711 si
531 2650 659 2732 qrtando
681 2648 787 2712 venies
811 2649 951 2725 adleta,
977 2652 1163 2735 (memento)

298 2750 374 2814 Hoc
393 2748 457 2813 iter
478 2752 518 2812 ad
538 2749 658 2831 lapides
680 2771 759 2813 cana
782 2750 855 2814 veni
877 2773 1047 2816 memores.

235 2851 362 2915 Interea
384 2871 462 2913 cave
483 2850 527 2913 sis
549 2871 609 2913 nos
632 2862 798 2933 aspernata
820 2853 986 2934 sepultos:

296 2953 372 3016 Nou
394 2949 472 3014 nihii
493 2953 533 3029 ad
554 2972 664 3017 verum
687 2950 814 3016 conscia
836 2964 923 3016 terra
945 2940 1040 3034 sapit.

444 3115 499 3161 Lss.
518 3117 551 3161 ΙΙ.
588 3115 684 3161 ELEG.
703 3116 738 3160 X.
774 3116 858 3160 Boset.
876 3116 933 3170 (ΙΙΙ.
953 3115 996 3164 iv.
1013 3115 1126 3172 Lsonu.)

287 3186 311 3233 Ι.
337 3196 406 3229 mors
433 3185 509 3229 Codd.
539 3197 631 3229 ornnes.
657 3206 691 3219 -
718 3196 771 3229 uox
794 3185 878 3232 lisine.
898 3184 1006 3229 Broulh.
1028 3185 1113 3229 Burin.
1134 3187 1184 3231 ise.
1247 3184 1271 3234 d.
1291 3191 1331 3229 soro

151 3264 155 3271 ’
233 3253 343 3298 Attalicis
366 3253 471 3298 vestibus
499 3254 611 3299 instrato.
647 3253 712 3297 Plio.
739 3253 770 3298 ΙΙ.
793 3252 824 3297 Ν.
850 3251 881 3306 8,
907 3249 950 3301 id.
986 3251 1084 3298 Aurum
1102 3254 1218 3299 intexere
1239 3253 1331 3300 restitns

233 3322 327 3366 incenit
348 3319 448 3365 Atratus
473 3334 533 3367 νοτ.
571 3319 613 3367 Ἰ.
638 3327 665 3366 ut
689 3321 742 3373 sint
764 3322 856 3366 lisinn-
872 3322 937 3366 coni.
962 3319 1022 3365 td.-
1066 3320 1107 3366 11.
1133 3337 1239 3382 sepum
1262 3324 1329 3366 llssn.

236 3387 277 3434 13.
293 3402 376 3447 pones
391 3390 425 3433 id.
486 3386 528 3433 19.
548 3387 642 3442 „eride
655 3402 679 3433 s.
700 3403 722 3434 c.
741 3390 860 3445 Pueriss3
879 3392 941 3447 qnod
963 3390 1147 3445 praeferendum
1164 3393 1264 3438 videtur.
1292 3390 1331 3434 tto

233 3459 296 3504 enirn
320 3464 459 3510 terrorem,
490 3459 532 3501 ssd
556 3458 747 3503 misericordiam
769 3459 820 3502 tnlt
845 3459 1025 3503 eornmovers.”
1049 3460 1099 3504 lae.
1155 3458 1199 3504 st.
1220 3461 1254 3504 lta
1269 3459 1329 3507 cdd,

232 3528 278 3572 nisi
297 3529 358 3584 qnod
380 3526 487 3584 plerique
508 3526 657 3584 distinguunt
677 3532 731 3582 post
750 3526 808 3571 iter.
844 3520 1029 3571 Distinetioossn
1053 3533 1174 3572 serratam
1195 3542 1212 3572 a
1236 3529 1298 3573 Psid.
1315 3529 1332 3567 st

233 3597 298 3649 lar„
326 3600 390 3640 reete
412 3595 449 3638 bis
473 3596 570 3638 sustulit
592 3595 708 3649 Lucum„
740 3600 765 3639 ut
784 3598 957 3654 coniungatur:
986 3597 1044 3640 seni
1065 3594 1112 3639 lter
1136 3598 1194 3645 iter.
1257 3598 1289 3638 tt.
1306 3593 1330 3634 lit

233 3656 310 3711 cota.
330 3665 376 3706 nisi
397 3665 460 3720 quod
476 3664 623 3725 distinguunt
643 3669 698 3718 post
714 3664 772 3711 iter.
792 3687 824 3699 -
843 3669 964 3708 merneolo
982 3661 1035 3708 leon
1045 3665 1109 3708 itare
1123 3664 1159 3709 od
1172 3663 1269 3721 lapides
1282 3672 1330 3705 sess

232 3731 316 3779 uentre
338 3744 415 3776 meos.
441 3732 504 3776 Sea'l.
525 3733 554 3776 B.
609 3730 651 3778 31.
672 3731 735 3792 Quis
756 3737 808 3776 tam
834 3733 972 3792 longaevos
994 3732 1152 3777 meminisset
1159 3735 1253 3778 *Bnrrut
1267 3727 1329 3772 -St'

232 3808 284 3847 tem
302 3800 439 3858 tongaeoas
458 3801 593 3847 inlusisset
622 3802 705 3846 Barth.
735 3800 785 3845 iilos
805 3801 905 3846 Lacus.
924 3797 999 3846 neoti
1018 3812 1115 3855 sensus,
1142 3802 1188 3846 nisi
1206 3803 1268 3858 qnod
1281 3796 1331 3844 Gel-

231 3871 298 3915 ls'eus
316 3880 373 3923 prae
391 3871 462 3914 nitnis
483 3870 574 3915 ineerta
596 3871 647 3915 eins
666 3871 804 3915 coniectore
827 3868 892 3914 Ilius
915 3869 1016 3924 probata
1034 3870 1141 3923 lsoobo,
1169 3871 1273 3915 retinere
1294 3879 1329 3910 sus·

231 3941 329 3984 tutinus.
367 3934 494 3982 Gelidum
512 3938 614 3982 militem
634 3940 743 3984 dustein
764 3937 877 3997 munigno
893 3938 1010 3982 vocabulo
1027 3940 1092 3983 seint
1104 3938 1248 3982 lsdibsndus
1258 3936 1329 3982 dixisse

231 4007 326 4050 videtur
344 4019 388 4060 pro
407 4006 532 4063 Phrygio,
551 4019 566 4047 a
582 4005 652 4048 Gallo
672 4007 792 4063 Phrygius
806 4007 889 4051 durio.
927 4006 995 4051 Aliae
1015 4010 1079 4051 coni.
1099 4010 1154 4050 sunt
1171 4007 1269 4053 Bolterii
1288 4001 1329 4047 Bet

232 4074 316 4126 licus,
336 4088 383 4117 nou
404 4073 539 4129 improbata
558 4072 672 4114 Psldetno
697 4085 723 4125 p.
743 4070 803 4118 3⁰9.
824 4079 848 4119 st
870 4073 956 4119 Neritii
974 4071 1083 4119 Closs-il.
1105 4088 1129 4130 ρ.
1152 4072 1211 4120 136.
1255 4070 1331 4117 Cress-

231 4142 275 4184 lus
294 4148 327 4183 =
353 4142 485 4191 coeruleus
512 4148 544 4182 =
570 4137 645 4196 niger
665 4147 697 4181 =
716 4137 832 4198 Aethiops
859 4150 892 4187 =
911 4140 1040 4188 illsmnon.
1078 4143 1133 4187 Tali
1156 4145 1211 4188 scit.
1237 4149 1335 4199 prognes·-

235 4208 303 4251 sione
327 4208 399 4252 vsluti
423 4206 604 4251 mathematicus
639 4206 692 4249 Viri
717 4207 847 4254 acutissimi
877 4212 946 4257 iocus
965 4211 1081 4257 lucillius
1110 4212 1228 4268 explicari
1259 4209 1329 4266 potest.
