2772 4750
224 177 264 240 72

226 333 466 401 Contrahitur?
488 332 568 419 quoi
587 324 658 397 uon
672 343 849 415 correpunt
868 333 1010 394 membra
1031 350 1174 412 pauore,

224 436 382 502 Fulminis
403 434 556 500 horribili
573 456 671 521 quom
691 434 788 518 plaga
808 432 935 497 torrida
954 432 1048 496 tellus

225 537 410 605 Contremit
432 550 464 602 et
485 559 634 622 magnum
656 546 849 618 percurrunt
872 556 1032 598 murmura
1053 534 1200 597 caelum?
1270 532 1351 595 1220

224 645 303 708 Non
322 640 455 725 populei
474 651 647 725 gentesque
667 637 828 701 tremunt?
850 659 1008 722 regesque
1032 634 1182 717 superbei

226 742 420 825 Corripiuut
440 742 549 805 divom
571 739 731 823 perculsei
753 743 895 804 membra
912 738 1047 815 timore,
1081 770 1090 776 ·

222 849 275 911 Ne
298 848 387 931 quod
409 847 453 908 ob
473 842 642 906 admissum
665 842 762 906 foede
786 841 946 904 dictumve
965 843 1105 924 superbe

226 952 410 1013 Poenarum
435 967 535 1030 grave
557 945 598 1008 sit
618 943 769 1008 solvuudi
787 955 911 1026 tempus
932 943 1102 1006 adactum?

291 1051 419 1113 Summa
438 1047 532 1112 etiam
557 1069 656 1131 quom
682 1045 731 1108 vis
755 1044 888 1109 violenti
910 1067 969 1127 per
992 1066 1078 1108 mare
1102 1043 1191 1107 venti
1272 1043 1353 1106 1225

226 1154 493 1236 Induperatorem
513 1147 622 1212 classis
640 1169 738 1229 super
758 1169 899 1232 aequora
922 1146 1024 1211 verrit

212 1249 310 1321 ¹(lum
335 1252 449 1316 ualidis
471 1251 593 1335 pariter
613 1249 797 1334 legionibus
820 1260 914 1334 atque
935 1246 1126 1331 elephantis,

227 1358 305 1420 Non
328 1354 439 1418 divdm
460 1374 570 1437 pacem
594 1353 679 1417 votis
700 1351 766 1414 adit
792 1373 829 1414 ac
851 1372 949 1434 prece
971 1350 1095 1435 quaesit

228 1438 414 1522 Ventorum
429 1455 565 1538 pavidus
586 1476 683 1538 paces
705 1452 887 1538 animasque
909 1453 1085 1517 secundas?

231 1559 475 1644 Nequidquam:
506 1556 659 1643 quoniam
681 1555 826 1620 violento
848 1540 977 1619 turbiue
999 1577 1092 1640 saepe
1278 1559 1355 1620 1230

230 1661 413 1744 Corruptus
434 1659 536 1723 nihilo
559 1659 664 1722 fertur
683 1657 785 1720 minus
808 1661 848 1721 ad
868 1660 950 1721 vada
973 1657 1042 1721 leti.

229 1765 340 1846 Usque
363 1764 443 1825 adeo
465 1782 518 1824 res
541 1763 693 1823 humanas
717 1760 767 1822 vis
788 1758 896 1822 abdita
917 1763 1070 1844 quaedam

233 1861 364 1928 Obterit
385 1874 417 1926 ct
436 1863 569 1944 pulcros
590 1861 708 1925 fasceis
729 1883 903 1946 saevasque
924 1860 1067 1926 secureis

231 1966 431 2031 Proculcare
455 1987 492 2027 ac
515 1963 657 2027 ludibrio
680 1963 742 2027 sibi
762 1966 882 2027 babere
904 1962 1044 2028 videtur.

293 2063 458 2150 Denique,
482 2068 541 2127 sub
561 2064 697 2147 pedibus
718 2065 812 2128 tellus
833 2087 932 2150 quom
952 2077 1022 2130 tota
1047 2065 1177 2128 vacillat
1279 2069 1357 2130 1205

231 2168 480 2252 concussaeque
502 2169 618 2229 cadunt
639 2170 735 2230 urbes
758 2167 937 2251 dubiaeque
960 2166 1138 2231 minantur:

232 2269 320 2351 Quid
340 2268 471 2344 mirum,
494 2268 522 2332 si
541 2290 574 2332 se
596 2280 737 2332 temnunt
756 2269 903 2333 mortalia
926 2270 1012 2333 secla

230 2376 340 2457 Atque
362 2382 539 2454 potestates
560 2393 691 2455 magnas
709 2369 871 2455 mirasque
888 2370 1072 2456 relinquunt

232 2474 271 2537 In
294 2475 390 2536 rebus
410 2473 508 2537 vireis
531 2472 660 2547 divum,
683 2494 765 2558 quae
790 2484 903 2535 cuncta
925 2474 1127 2557 gubernent?

276 2575 373 2654 Quod
386 2586 540 2657 superest,
551 2575 1224 2660 aesatqueaurumserrumquerepertumst
1276 2578 1359 2639 1210

233 2679 278 2741 Ε1
294 2676 386 2739 simul
409 2676 536 2761 argenti
556 2679 683 2759 pondus
703 2674 891 2761 plumbique
911 2688 1071 2759 potestas,

233 2778 325 2863 Ignis
348 2778 581 2863 ubi'ingenteis
604 2778 703 2842 silvas
725 2782 843 2842 ardore
867 2790 1025 2842 cremarat

234 2879 408 2944 Montibus
426 2879 459 2942 in
481 2877 604 2964 maguis
626 2901 682 2943 seu
702 2880 782 2944 caeli
799 2879 931 2944 fulmine
953 2879 1068 2957 misso,

235 2981 310 3045 Sive
334 2983 422 3065 quod
444 2982 527 3048 inter
546 3004 578 3045 se
596 2981 714 3046 bellum
738 2981 885 3045 silvestre
908 2994 1055 3067 gerentes

306 3200 382 3247 1222.
409 3201 523 3260 pereunt
547 3202 622 3246 Codd.
644 3199 668 3246 5.
688 3205 716 3246 Α.
737 3203 765 3246 l..
788 3204 817 3248 ll.
849 3227 880 3237 -
904 3203 1026 3260 percurri
1044 3204 1074 3248 C.
1094 3203 1125 3249 E.
1148 3205 1210 3250 Edd.
1232 3213 1295 3252 vett.
1318 3212 1359 3253 Ar.

184 3299 191 3305 -
236 3269 312 3316 1220.
333 3273 425 3324 „Plura
439 3274 564 3325 exemplu,
585 3272 625 3315 ubi
644 3273 761 3329 gerundia
776 3274 799 3317 iu
819 3271 845 3315 dl
862 3274 994 3331 genitivum
1013 3275 1077 3329 plur.
1097 3286 1142 3330 pro
1160 3278 1303 3320 accusativo
1322 3281 1361 3321 00-

234 3343 331 3384 mittunt
342 3343 442 3386 collecta
456 3342 536 3385 videus
548 3355 562 3383 a
574 3341 687 3385 Ruddiur.
703 3341 765 3385 lust.
775 3340 823 3387 Gr.
839 3340 864 3387 2.
877 3356 902 3398 p.
911 3340 988 3388 245?
1005 3342 1082 3387 Forb.
1120 3344 1157 3387 lb.
1169 3343 1307 3404 eductum]
1326 3349 1362 3391 sie

233 3406 263 3453 C.
274 3409 305 3453 E.
316 3409 411 3452 utu-ll.
432 3410 578 3463 Simpliciter
595 3412 702 3465 explica:
726 3414 839 3465 „tandein
859 3413 1007 3460 advenerit.”
1031 3436 1063 3447 ·-
1083 3411 1119 3458 ud
1135 3418 1219 3457 cetum
1235 3417 1312 3460 Brit.
1338 3439 1361 3449 -

233 3478 367 3523 adauctum
383 3478 444 3524 Cdd.
463 3481 521 3534 utiq.
548 3496 580 3512 -·
606 3477 756 3524 adauctum
778 3479 953 3529 0001001.
971 3483 1032 3536 W„
1058 3483 1099 3540 qui
1122 3484 1246 3538 explicare
1270 3490 1359 3529 tentat:

234 3549 284 3602 „ad
310 3550 403 3602 plenam
422 3549 584 3592 maturitatem
601 3561 670 3593 suam
687 3551 862 3604 perductum‘’:
891 3556 1054 3611 verumtamen
1078 3552 1202 3596 Iratinitnti
1223 3562 1361 3613 repugnat,

234 3623 273 3662 ut:
293 3615 338 3661 boc
357 3618 395 3663 cel
411 3616 477 3661 illud
493 3623 532 3662 eet
548 3614 583 3661 ad
600 3624 701 3665 auctum
725 3625 766 3663 aut
789 3621 887 3673 nunnius
910 3621 957 3664 dici
982 3627 1053 3679 queat
1069 3626 1112 3665 aut
1127 3621 1198 3665 illum
1215 3622 1243 3666 in
1263 3628 1362 3667 modum

234 3687 361 3742 explicari.
398 3687 430 3731 tJt
446 3687 510 3731 euim
527 3687 613 3744 aliquis
632 3688 664 3732 110
683 3690 776 3734 loeutus
796 3695 860 3734 00001
877 3687 952 3748 (quod
970 3692 1067 3735 minime
1085 3691 1180 3745 credo),
1201 3692 1250 3737 boc
1270 3693 1363 3751 signiti-
1382 3710 1383 3713 ¹

234 3763 331 3803 taturus
343 3756 446 3805 fuisset:
465 3757 530 3810 „boc
547 3757 620 3811 facit,
640 3759 706 3802 iurat
723 3760 752 3802 ad
770 3764 881 3813 auctum,
901 3760 1061 3818 augendum.'’
1098 3757 1175 3804 1225.
1197 3773 1305 3806 summa
1318 3763 1363 3807 ct.

233 3825 528 3875 meusc.nv.-1t.r0rb.
543 3832 568 3870 ut
582 3825 612 3881 6,
628 3826 669 3873 tt.
690 3842 788 3873 autumn
801 3825 875 3872 detlm
887 3829 934 3876 uis.
962 3830 1010 3874 Vix
1028 3829 1093 3875 001ιο
1111 3830 1176 3887 iungi
1196 3831 1231 3874 ita
1253 3834 1362 3887 poterit:

233 3910 311 3954 super
329 3908 440 3955 aequora
457 3909 565 3941 aarum«.
595 3896 695 3941 Summe
714 3898 745 3942 E.
765 3900 825 3943 Ver.
844 3900 906 3943 Ven-
927 3898 986 3953 W.,
1007 3904 1032 3943 ut
1047 3904 1216 3944 construatur:
1240 3902 1281 3945 oie
1301 3903 1364 3946 renti

233 3979 331 4010 rurume
349 3963 525 4022 (summopere)
544 3966 656 4010 violenti.
685 3967 717 4010 At
736 3964 981 4023 uulnerauerunt,
997 3966 1056 4013 255.
1076 3982 1175 4029 summe
1190 3969 1289 4024 celeri,
1313 3985 1364 4026 per·

234 4036 323 4091 spicios
342 4048 442 4080 necesse
459 4039 497 4080 est
514 4035 554 4078 vix
568 4034 645 4078 tribus
657 4037 738 4080 verbis
751 4051 774 4082 v.
791 4051 888 4081 summe
900 4053 914 4082 a
927 4050 971 4080 suo
984 4038 1102 4082 adicetiro
1115 4040 1223 4092 separari
1242 4042 1363 4094 potuisse,

235 4102 312 4150 12³⁶.
338 4104 457 4150 dubiueoe
480 4105 560 4150 Bentl.
617 4101 694 4149 1243.
725 4106 884 4151 cett'Eiehst.
904 4108 988 4161 solus;
1010 4109 1053 4152 000
1072 4107 1117 4154 cfr.
1140 4120 1164 4151 u.
1187 4105 1270 4153 1021.
1296 4123 1363 4166 seqq.

236 4173 312 4221 1215.
332 4176 407 4236 ignea
420 4174 449 4219 C.
489 4172 565 4219 1257.
586 4174 622 4218 lte
633 4174 662 4222 G.
673 4174 704 4219 tt.
718 4175 950 4222 2000000011.
964 4177 1001 4231 ,,1.
1016 4190 1039 4220 e.
1053 4190 1126 4231 super
1139 4179 1248 4222 100000.”
1256 4180 1300 4224 W.
1325 4179 1366 4222 Est

234 4245 329 4299 potius:
349 4246 465 4291 adversus
480 4248 572 4298 terras,
594 4247 666 4291 terris
678 4246 744 4293 iuxta
755 4245 852 4291 metalla
866 4245 962 4300 positis.
982 4245 1099 4290 interris
1112 4246 1142 4290 L.
1156 4246 1186 4290 fl.
1226 4245 1314 4294 1261.
1322 4244 1365 4308 sc·
1382 4302 1383 4307 ¹
