2762 4760
1123 225 1160 287 11

116 397 214 478 Quod
233 401 397 477 superest,
420 409 536 454 vacuas
550 386 654 452 aureis
672 385 771 464 mibi,
794 383 985 464 Memmius,
1007 393 1101 460 cttc,
1124 381 1165 446 te

57 501 216 564 Semotum
237 518 257 559 a
277 495 381 570 curis,
404 491 521 557 adhibe
540 512 648 556 veram
668 493 709 554 ad
730 487 905 555 rationetur

55 603 106 665 Ne
128 622 193 664 mea
217 602 303 664 dona
322 594 384 661 tibi
405 594 512 660 studio
531 592 675 677 disposta
695 591 800 670 fideli,

55 701 219 767 Intellecta
240 699 331 783 prius
351 720 446 785 quam
468 696 547 773 sint,
571 705 753 778 contempta
773 693 949 780 relinquas.

55 807 138 868 Nam
159 801 219 866 tibi
241 805 280 866 de
300 821 418 865 summa
439 797 520 864 caeli
540 797 666 863 ratione
687 800 843 882 deumque

54 906 224 972 Disserere
245 902 393 986 incipiam
415 913 448 966 ct
464 922 572 965 rerum
592 898 772 984 primordia
792 900 946 981 pandam

57 1010 148 1073 Unde
168 1005 290 1071 omneis
308 1016 420 1069 natura
440 1013 527 1068 creet
547 1024 617 1079 res,
639 1012 745 1065 auctet
764 1000 907 1086 alatque;

57 1111 193 1194 Quoque
214 1111 323 1172 eadem
343 1129 468 1171 rursum
487 1117 599 1169 natura
617 1113 782 1187 perempta
802 1102 963 1167 resolvat:

56 1213 147 1293 Quae
168 1230 229 1274 nos
249 1207 409 1272 materiem
431 1218 463 1272 et
482 1206 633 1293 genitalia
654 1225 797 1288 corpora
818 1205 915 1268 rebus

22 1348 24 1350 v
55 1316 232 1378 Reddenda
250 1311 284 1374 in
305 1309 430 1375 ratione
451 1330 571 1374 vocare
591 1320 623 1372 et
644 1307 762 1373 semina
782 1327 891 1371 rerum

54 1414 232 1497 Appellare
251 1416 377 1476 suie'mus
398 1413 529 1476 ethaeo
550 1414 657 1475 eadem
680 1430 834 1492 usurpare

55 1516 211 1598 Corpora
231 1514 352 1597 prima,
374 1516 463 1599 quod
484 1535 526 1578 ex
545 1511 611 1576 illis
632 1523 704 1577 sunt
725 1511 830 1577 omnia
852 1509 977 1595 primis.

119 1617 247 1701 [Omnis
269 1617 350 1680 enim
371 1639 431 1699 per
453 1638 486 1680 se
509 1613 620 1680 divdm
641 1626 755 1678 natura
777 1635 905 1679 necesse
927 1625 975 1679 est

56 1719 236 1784 Immortali
258 1740 339 1784 aevo
361 1740 480 1782 summa
503 1738 674 1799 cumpace
696 1717 839 1794 fruatur,

56 1826 187 1887 Semota
209 1825 248 1884 ab
270 1820 389 1885 nostris
410 1824 507 1885 rebus
528 1817 868 1904 seiunctaquelouge3

56 1928 139 1988 Nam
159 1924 286 2006 privata
304 1923 419 1987 dolore
441 1921 543 1998 omni,
565 1921 693 2004 privata
711 1920 858 2002 periclis,

55 2028 131 2110 Ipsa
151 2026 217 2090 suis
235 2025 359 2108 pollens
381 2022 515 2107 opibus,
537 2022 617 2087 nihil
636 2022 745 2106 indiga
766 2021 889 2099 nostri,

54 2133 125 2194 Nec
149 2132 229 2191 bene
253 2124 438 2209 promeritis
460 2123 586 2208 capitur
609 2146 669 2190 nec
691 2123 834 2210 tangitur
854 2122 933 2203 ira.]

116 2233 265 2295 Humana
288 2240 358 2292 ante
380 2227 494 2293 oculos
516 2227 612 2292 foede
633 2248 730 2312 quom
755 2226 822 2290 vita
842 2218 963 2291 iacerel

53 2336 93 2398 In
116 2332 227 2408 terris,
252 2352 406 2414 oppressa
430 2327 525 2415 gravi
546 2332 604 2393 sub
626 2327 817 2413 Religione,

52 2438 145 2517 Quae
167 2444 263 2517 caput
284 2456 302 2495 a
324 2431 404 2497 caeli
429 2430 618 2517 regionibus
641 2434 843 2508 ostendebat,

49 2536 223 2603 Horribili
243 2557 339 2618 super
360 2545 489 2618 aspectu
512 2533 700 2599 mortalibus
720 2534 858 2610 instaus3

48 2639 198 2706 Primum
221 2637 338 2702 Graius
356 2638 455 2702 homo
478 2636 642 2701 mortaleis
662 2636 777 2701 tollere
800 2647 913 2703 contra

46 2745 114 2807 Est
137 2740 251 2805 oculos
272 2762 365 2803 ausus
385 2737 569 2825 primusque
592 2738 748 2804 obsistere
768 2751 901 2805 contra:

46 2846 160 2925 Quem
177 2864 278 2928 neque
299 2843 383 2905 fama
405 2845 497 2906 deum
517 2862 576 2906 uec
595 2840 727 2904 fulmina
749 2862 808 2906 nec
832 2842 986 2907 minitanti

46 2948 224 3009 Murmure
249 2943 439 3027 compressit
459 2943 597 3019 caelum;
620 2946 736 3008 sedeo
758 2943 859 3029 magis
884 2966 990 3009 acrem
1125 2948 1166 3008 70

46 3049 169 3111 Irritat
190 3046 285 3110 animi
306 3045 473 3123 virtutem,
496 3045 668 3132 effringere
687 3057 720 3109 ut
738 3057 806 3110 arta

44 3204 122 3246 bante
142 3201 228 3245 Valclr.
248 3202 265 3244 l.
286 3201 302 3247 l.
321 3202 362 3245 sed
380 3201 450 3245 obliti
469 3207 537 3245 eruut
554 3202 624 3246 nrubo
642 3201 781 3245 imitationis
800 3200 944 3246 Ouidianae:
965 3202 1025 3245 Met.
1041 3199 1089 3254 10,
1104 3199 1162 3249 558.

45 3274 126 3331 inque
143 3270 203 3314 sinu
215 3270 310 3313 iuuenis
318 3270 404 3327 posito
416 3273 521 3315 ceruice.
560 3269 601 3315 38.
616 3269 734 3327 resupino
746 3269 776 3317 E.
790 3289 823 3302 ·-
834 3271 968 3328 resupinae
980 3270 1064 3314 lleius.
1078 3273 1163 3316 Valck.

43 3366 80 3377 -
115 3338 232 3395 resupini
259 3340 317 3383 satis
343 3338 439 3384 firmant
466 3339 496 3386 G.
527 3340 556 3388 C.
603 3340 684 3398 deque
707 3340 769 3384 falsa
792 3344 829 3383 est
852 3340 925 3396 Walr.
951 3341 1055 3395 suspicio
1079 3342 1167 3395 (orie.)

45 3409 93 3454 42.
115 3422 197 3468 ogere
214 3405 270 3464 boel
290 3410 354 3462 „boc
373 3423 468 3464 ipsum,
497 3411 559 3467 quod
577 3409 726 3464 suscepimus
745 3414 833 3454 attente
852 3414 875 3454 et
893 3411 943 3455 sine
962 3424 1018 3454 cura
1037 3423 1123 3468 agere,
1142 3412 1165 3454 iu

42 3482 95 3524 hoc
114 3478 221 3523 studium
239 3479 404 3524 incumbere.''
426 3479 511 3524 Lamb.
567 3475 796 3533 l5.Memmr'udu,
816 3485 839 3524 et
856 3485 879 3522 te
903 3479 932 3524 L.
953 3480 983 3524 Η.
1003 3484 1085 3524 contra
1104 3479 1163 3523 Cdd.

42 3550 137 3593 Placet
155 3545 305 3592 Wakefieldo
325 3549 395 3592 lectio
413 3549 474 3592 Cod.
493 3545 525 3597 Δ.
546 3548 583 3605 (et
601 3546 643 3605 C.)
662 3569 696 3584 -
713 3548 779 3609 quod
795 3554 925 3606 superest,
945 3562 1054 3607 quaero,
1072 3561 1165 3593 uacuas

42 3616 114 3662 milti
131 3614 269 3660 Memmius
287 3631 380 3671 curer,
399 3616 528 3662 Semetim.
566 3616 607 3664 52.
627 3633 719 3678 quoque
738 3620 828 3663 Seneca
847 3618 892 3673 Ep.
914 3615 954 3663 95.
975 3619 1017 3663 W.
1039 3639 1068 3650 -
1089 3631 1165 3676 quove

43 3689 128 3731 Codd.
144 3686 205 3730 Edd.
225 3688 329 3734 auteW.
367 3684 408 3733 56.
428 3688 480 3732 rint
497 3687 526 3731 G.
565 3685 606 3734 57.
626 3690 655 3731 lli
674 3703 716 3732 sex
733 3701 815 3732 versus
833 3687 863 3731 L.
884 3684 914 3741 2,
936 3684 995 3732 645.
1016 3689 1069 3731 loco
1087 3688 1164 3746 magis

43 3763 105 3813 apto
125 3762 270 3810 recurrunt,
297 3755 363 3801 eth.
384 3759 400 3800 Ι,
421 3772 434 3799 u
453 3756 593 3814 quibusdam
613 3758 681 3801 libris
699 3759 784 3802 abesse
802 3759 929 3813 dicuutur3
954 3758 977 3801 in
996 3756 1062 3802 Gott.
1083 3757 1112 3801 C.
1129 3757 1162 3801 Ε.

42 3828 111 3871 Edd.
133 3830 193 3870 rett.
212 3828 349 3871 inseruntur
373 3831 428 3881 post
443 3840 467 3874 v.
488 3823 549 3883 dl.;
568 3828 613 3872 buc
631 3828 756 3871 collocavit
772 3829 817 3871 Ar.
855 3825 896 3871 65.
916 3824 1060 3871 obtendebat
1077 3827 1120 3870 W.
1139 3828 1164 3870 iu

42 3900 181 3948 contextu,
209 3899 292 3938 contra
316 3896 390 3940 Codd.
418 3900 441 3939 et
467 3895 528 3939 Edu.
558 3909 648 3941 ornnes.
706 3894 747 3941 dl.
775 3894 875 3940 tendere
893 3894 1000 3950 Nouius,
1031 3899 1114 3939 contra
1132 3895 1163 3940 G.

45 3965 91 4013 09.
103 3962 178 4024 sorra
194 3965 274 4009 Bentl.
287 3967 352 4009 conl.
366 3980 381 4010 a
392 3966 435 4014 W.
455 3970 561 4020 receptu.
584 3987 613 3998 -
633 3961 722 4024 „sumu
733 3963 807 4011 dudm
820 3970 857 4010 est
868 3965 931 4009 mma
944 3967 971 4009 de
990 3966 1050 4019 diis,
1070 3964 1164 4008 fabulae

43 4039 75 4081 ‹le
96 4037 136 4079 ira
156 4048 240 4078 eor-um
259 4040 282 4080 et
293 4037 321 4078 de
335 4037 432 4090 poenis,
453 4036 537 4092 quibus
549 4041 724 4091 contemptores
737 4049 794 4080 suos
806 4032 938 4080 afficiant.”
956 4035 1031 4078 Fortu.
1070 4031 1112 4077 il.
1126 4035 1165 4077 Sic

45 4105 113 4153 Nou.
135 4104 215 4148 Prisc.
235 4102 270 4160 (v.
285 4103 372 4159 Forb.)
392 4105 436 4149 Cd.
455 4103 487 4152 Σ.
500 4106 542 4148 W.
556 4104 648 4150 Eicbst.
668 4129 702 4139 -
718 4104 829 4150 irritans
847 4104 928 4148 animi
945 4105 1060 4147 uirtutem
1078 4098 1165 4162 effrin-

43 4188 110 4234 gere
121 4173 153 4217 C.
175 4197 206 4207 —
225 4172 319 4218 inritat
336 4174 416 4218 animi
427 4175 515 4219 virtute
527 4172 689 4236 confringere
701 4174 734 4219 G.
747 4176 838 4228 etalii,
858 4174 905 4218 nisi
917 4172 979 4229 quod
992 4172 1118 4215 virtutem.
1132 4192 1166 4204 -

43 4244 157 4288 irritant
165 4242 281 4288 uirtutem
290 4243 371 4288 animi
381 4239 463 4302 confr.
474 4244 505 4289 Ε.
520 4265 551 4275 -
563 4243 653 4290 Irritus
663 4245 777 4289 uirtutem
789 4244 868 4287 citimi
878 4237 961 4300 confr.
968 4239 1029 4284 Edd.
1039 4243 1108 4291 vett„
1120 4251 1165 4295 ego

46 4328 70 4357 ιιι
78 4314 128 4357 Ed.
138 4327 176 4368 pr.
185 4314 214 4362 F,
227 4312 298 4359 Omni
308 4314 448 4358 auctoritate
455 4320 521 4358 caret
528 4313 556 4357 L.
567 4321 589 4358 et
597 4316 626 4359 ll.
635 4314 754 4368 scriptura
762 4310 883 4356 Virtutem
889 4304 979 4354 irritat
985 4308 1073 4359 animi,
1080 4303 1164 4362 confr.
