2762 4760
247 228 288 291 66

251 384 337 466 Quid
359 382 400 449 sit
423 403 505 465 opus
524 381 633 457 iact03
656 377 767 443 faciles
788 376 991 464 nequeenim
1013 387 1221 458 paterentur,

167 480 171 486 ¹
249 491 321 552 Nec
338 485 464 551 ratione
486 485 550 548 ulla
570 482 633 547 eibi
654 484 779 546 ferrent
797 479 932 564 amplius
954 477 1058 543 aureis

248 589 354 655 Vocis
373 586 536 653 inauditos
555 585 678 650 sonitus
700 586 879 649 obtundere
899 582 1034 646 frustra.

313 695 505 766 Postremo,
528 688 606 774 quid
623 687 657 752 in
679 690 740 750 hac
757 684 901 750 mirabile
916 696 1005 750 tanto
1023 706 1122 767 opere
1138 694 1187 747 est
1206 704 1269 760 re,
1298 683 1364 745 1061

249 794 285 860 si
306 817 405 881 genus
424 795 611 867 humanum,
633 791 713 876 quoi
733 811 802 854 vox
823 801 855 853 et
875 788 984 873 lingua
1006 780 1151 873 vigeret,

249 902 318 963 Pro
340 897 433 962 vario
453 917 545 959 sensu
567 893 673 957 varias
692 915 744 956 res
765 913 848 957 voce
868 903 1014 967 notaret3

177 1050 181 1055 .
250 1004 357 1083 Quium
375 1002 514 1083 pecudes
537 1009 656 1072 mutae,
680 1016 778 1081 quom
798 994 932 1080 denique
950 994 1035 1059 secla
1056 994 1198 1058 serarum

247 1102 441 1169 Dissimileis
463 1102 587 1166 soleant
609 1120 708 1162 voces
730 1097 898 1183 variasque
921 1095 1026 1172 ciere,

249 1208 356 1287 Quom
373 1217 473 1268 metus
492 1214 545 1266 aut
564 1202 661 1277 dolor
678 1212 725 1264 est
743 1211 775 1263 et
786 1222 883 1284 quom
898 1198 959 1262 iam
977 1197 1091 1283 gaudia
1108 1198 1280 1283 gliscunt?
1298 1200 1367 1260 1060

249 1309 377 1392 Quippe
400 1306 515 1371 etenim
538 1303 615 1368 licet
635 1302 667 1366 in
689 1306 784 1367 rebus
806 1323 1007 1387 cognoscere
1027 1302 1159 1383 apertis.

311 1409 443 1474 Irritata
463 1429 573 1471 canum
594 1426 691 1492 quom
709 1403 846 1488 primum
867 1425 981 1489 magna
1002 1403 1186 1468 Molossum

248 1511 370 1578 Mollia
391 1510 474 1575 ricta
495 1510 636 1573 fremunt
658 1510 756 1571 duros
776 1505 925 1570 nudantia
947 1505 1086 1582 denteis,

248 1618 369 1699 Longe
392 1613 456 1677 alio
479 1610 586 1676 sonitu
610 1609 717 1673 rabies
737 1608 882 1672 districta
904 1609 1057 1685 minatur,

248 1720 293 1781 Et
314 1738 412 1802 quom
434 1714 495 1779 iam
514 1714 630 1775 latrant
651 1723 683 1776 et
703 1712 840 1776 vocibus
862 1711 969 1776 omnia
993 1712 1169 1793 complent.
1297 1715 1377 1775 loon

248 1821 296 1884 At
314 1818 437 1883 catulos
456 1816 572 1878 blande
593 1835 691 1899 quom
710 1813 819 1898 lingua
839 1814 979 1878 lambere
999 1824 1139 1888 tentant,

247 1924 314 1985 Aut
330 1918 388 1983 nbi
407 1940 463 1983 eos
485 1918 603 1989 lactant
625 1914 760 1999 pedibus
784 1938 956 2002 morsuque
976 1927 1118 1999 petentes

248 2020 416 2105 Suspensis
434 2032 563 2084 teneros
582 2018 748 2083 imitantur
769 2016 916 2081 dentibus
938 2020 1085 2093 haustus,

247 2128 366 2208 Longe
389 2122 454 2187 alio
473 2132 570 2205 pacto
595 2119 726 2205 gannitu
748 2119 841 2183 vocis
861 2120 1006 2195 adulant,

246 2229 291 2290 Et
311 2246 408 2310 quom
431 2222 568 2288 desertei
586 2224 766 2285 baubantur
782 2220 815 2284 in
835 2221 967 2285 aedibus
986 2234 1039 2284 aut
1055 2245 1152 2306 quom
1299 2226 1365 2287 1010

246 2328 419 2393 Plorantes
438 2325 566 2411 fugiunt
588 2323 754 2388 summisso
778 2344 921 2406 corpore
943 2325 1067 2409 plagas.

309 2427 456 2513 Denique
474 2448 539 2490 non
559 2426 700 2489 hinnitus
718 2426 793 2489 item
812 2425 942 2490 differre
963 2426 1104 2503 videtur,

162 2515 165 2524 ¹
246 2533 336 2596 luter
358 2551 456 2616 equas
472 2528 528 2591 ubi
550 2550 649 2614 equus
666 2527 797 2593 florenti
820 2540 920 2592 aetate
941 2527 1094 2593 iuvencus

246 2631 418 2717 Pinnigeri
439 2630 541 2695 saevit
561 2630 739 2693 calcaribus
760 2629 843 2722 ictus
864 2628 1014 2706 Amoris,
1127 2616 1136 2636 ’

246 2739 290 2800 Et
309 2734 472 2799 fremitum
493 2732 612 2816 patulis
633 2735 692 2796 sub
713 2730 844 2795 naribus
867 2731 933 2795 edit
952 2736 993 2796 ad
1016 2753 1121 2810 arma,
1296 2738 1376 2799 10751

246 2840 291 2902 Et
311 2858 410 2922 quom
433 2835 480 2900 sie
504 2834 582 2898 alias
604 2834 768 2899 concussis
788 2837 919 2898 artubus
940 2835 1067 2898 hinnit?

308 2940 501 3012 Postremo,
525 2957 624 3022 genus
643 2935 774 2999 alituum
796 2935 967 3023 variaeque
991 2939 1159 3015 volucres,

245 3039 432 3123 Accipitres
453 3050 548 3125 atque
572 3037 752 3123 ossifragae
775 3038 960 3124 mergeique
982 3040 1111 3105 marinis

244 3144 412 3208 Fluctibus
429 3141 462 3207 in
485 3142 569 3206 salso
593 3140 712 3204 victum
734 3138 895 3226 vitamque
916 3154 1059 3224 petentes

298 3322 373 3371 1052.
402 3323 559 3380 „nequissimi
577 3323 689 3378 bipedum
707 3325 813 3369 editores
832 3322 866 3380 (1.
881 3337 903 3369 e.
919 3323 947 3368 L.
962 3323 1004 3378 11.)
1022 3324 1083 3384 quid
1091 3321 1168 3386 sacto
1184 3336 1262 3375 met
1281 3332 1362 3389 opus!

243 3393 316 3438 Wal.
368 3389 443 3437 1057.
463 3392 535 3436 ouria
552 3405 594 3435 ree
611 3393 690 3437 Bentl.
745 3390 821 3437 1061.
840 3393 899 3437 licet
915 3392 943 3438 id
958 3394 1050 3449 Grypb.
1069 3419 1103 3429 -
1121 3392 1149 3440 td
1165 3398 1231 3442 lieet
1251 3415 1266 3445 e
1289 3401 1319 3446 L.
1336 3403 1360 3446 fl,

244 3460 319 3508 1068.
340 3462 377 3505 lla
394 3463 448 3505 inde
466 3460 496 3504 66
514 3459 559 3504 Ar.
575 3467 695 3518 premunt
711 3460 787 3506 Codd.
807 3463 887 3516 (611116
901 3463 929 3507 C.
943 3462 1057 3517 E.)Edd.
1072 3466 1174 3510 661111.
1195 3488 1231 3500 -
1253 3476 1360 3515 eremum

242 3532 335 3577 Nonius
349 3528 378 3585 3,
394 3526 453 3576 185.
492 3527 568 3575 1067.
587 3531 683 3573 iaceam
694 3529 724 3574 L.
738 3531 768 3578 11.
783 3530 851 3587 611,
867 3530 926 3577 990.
965 3533 1000 3580 lb.
1017 3539 1130 3591 potentes
1142 3549 1172 3580 ex
1184 3535 1271 3585 Codd.
1289 3538 1361 3585 16.

241 3602 332 3646 Eiehsl.
352 3602 394 3645 sed
410 3605 535 3657 petentes,
555 3601 618 3656 qood
636 3599 723 3656 reliqui
741 3613 824 3646 omnes
843 3602 930 3656 (etiem
942 3602 972 3646 G.
984 3602 1025 3657 11.)
1044 3604 1175 3660 praebent,
1195 3611 1360 3654 restituimus.

242 3668 319 3716 1068.
338 3683 410 3715 eea-oe
426 3669 487 3715 aab.
502 3670 565 3714 coni.
609 3666 676 3715 1075
689 3675 713 3714 el
726 3666 803 3718 1076.
822 3703 835 3725 ,,
843 3671 892 3715 1166
910 3685 995 3716 versus
1013 3677 1171 3728 transponunt
1187 3675 1241 3722 Ed.
1258 3680 1327 3723 1661.
1338 3683 1362 3723 Α.

240 3741 307 3785 idem
325 3753 375 3794 „ex
389 3738 506 3798 ingenio'’
524 3739 590 3795 prius
608 3752 679 3797 quem
698 3740 764 3783 111616
781 3739 941 3796 inspexisset,
961 3742 1052 3786 1666161
1069 3743 1143 3788 Wak.
1163 3750 1236 3791 recte
1256 3749 1363 3792 desertas

239 3810 270 3855 66
282 3809 374 3855 Eicbst.
414 3805 489 3854 1076.
508 3807 545 3853 Ae
556 3822 629 3868 quom
640 3809 680 3854 616
691 3809 721 3854 L.
735 3809 766 3854 11.
785 3809 900 3866 Explica:
920 3823 1013 3868 ..quum
1023 3812 1072 3856 6116
1085 3817 1193 3867 tempore
1206 3815 1253 3859 ee'c
1264 3822 1362 3869 temere,
1374 3836 1375 3839 ¹

239 3880 305 3924 66116
333 3877 446 3922 instinctu
463 3878 554 3922 amoris
573 3892 616 3923 nec
641 3879 742 3923 bellicae
766 3877 871 3925 ferociae
895 3879 1000 3925 hinnit.”
1054 3878 1130 3929 1078.
1159 3885 1266 3929 murini
1288 3887 1363 3932 Bentl.

242 3945 318 3996 1079.
338 3947 418 3992 caleis
435 3947 465 3992 L.
478 3948 509 3993 11.
539 3946 672 4011 1166111661
690 3950 853 4006 666611161ἱος
872 3953 953 3993 ulrum
971 3949 999 3993 in
1010 3950 1095 4005 66116,
1116 3952 1234 3998 morinis
1242 3954 1364 4017 fluctibus

238 4020 329 4065 victum
344 4023 455 4076 petentes
470 4030 514 4074 per
528 4017 687 4071 appositionis
705 4017 823 4073 speciem,
854 4032 884 4062 66
908 4019 1040 4078 „degentes
1062 4021 1087 4063 in
1105 4022 1207 4064 marinis
1229 4023 1363 4076 fluctibns.

238 4090 327 4133 victum
345 4092 454 4144 petentes
472 4087 496 4130 in
514 4084 607 4130 salso.”
642 4086 678 4130 Ad
695 4087 754 4130 illud
772 4092 851 4132 161666
868 4089 962 4134 6611666
980 4089 1086 4133 inclinet.
1143 4087 1224 4136 1083.
1248 4095 1363 4139 1160111.

239 4163 264 4203 61
275 4157 306 4201 E.
319 4157 380 4201 Edd.
398 4155 515 4201 1611116.
535 4154 566 4199 P.
583 4156 626 4199 W.
639 4155 732 4199 Eicbst.
751 4161 776 4199 et
792 4157 941 4215 omiseruut3
961 4159 1047 4215 reliqui
1067 4158 1235 4216 (16166611.)
1257 4170 1284 4208 et
1305 4166 1329 4209 16
1346 4168 1365 4205 st

240 4231 370 4271 1661661161.
384 4225 483 4269 Rectum
493 4227 571 4267 661661
578 4228 618 4267 et·
626 4249 636 4259 -
645 4237 701 4282 que.
724 4221 928 4273 1096166666.
938 4227 967 4272 1..
977 4228 1006 4276 ll.
1016 4227 1073 4282 (666
1081 4223 1155 4282 Cdd.)
1176 4227 1366 4279 1696661611

239 4296 318 4341 Beati.
358 4290 433 4339 1008.
452 4289 1155 4356 1660661661ο61666(611661(1.171111666666111611111.
1180 4299 1280 4358 Recte,
1297 4309 1365 4361 pete:
