2736 4748
205 147 270 212 278

95 256 98 261 Ι
456 299 602 369 LXXX.
640 297 821 364 Eiusdem.
854 298 912 378 (L.
938 298 969 362 t.
993 297 1062 378 83.)

206 414 402 496 Eutrapelus
424 424 537 476 tonsor
559 413 632 474 dum
655 410 768 473 circuit
790 431 848 475 ora
874 411 1019 492 Luperci

270 513 490 600 Expingitque
513 533 630 596 genas,
654 513 753 575 altera
778 514 877 575 barba
904 512 1003 576 subit.

206 675 371 741 LXXXI.
414 669 623 737 Memoriae.
654 671 711 733 M.
741 668 892 733 Lucceii.
914 671 972 735 M.
994 671 1032 732 F.
1056 669 1216 753 Nepotis.
1240 673 1316 735 Sex.

457 780 669 848 Onusionue.
703 778 853 858 (Antbol.
876 781 921 841 L.
946 780 978 842 lt.
1004 779 1072 860 tt.)

208 896 314 975 Quom
336 876 537 974 praematura
559 901 686 972 raptum
707 889 784 953 mibi
805 900 908 955 morte
923 902 1079 973 ,nepotem

274 996 420 1071 Flercm,
444 994 620 1060 Parcarum
642 991 747 1073 putria
772 991 825 1055 fila
853 1013 1011 1076 querens,

207 1098 252 1163 Et
276 1088 436 1179 gemerem
456 1093 540 1157 tristi
561 1097 737 1158 damnatam
759 1104 848 1156 sorte
869 1093 1029 1157 iuventam

271 1199 492 1280 Versarctquc
513 1217 617 1260 novus
641 1194 764 1260 viscera
784 1205 853 1260 tota
875 1193 990 1269 dolor3

208 1299 267 1363 Me
289 1298 483 1373 desolatum,
507 1319 558 1360 me
581 1299 741 1361 desertum
763 1317 801 1359 ac
820 1295 990 1378 spoliatum

273 1400 472 1478 Clamarem,
494 1398 593 1482 largis
615 1419 694 1462 saxa
715 1418 848 1461 movens
872 1396 1029 1471 lacrimis;

208 1502 332 1566 Exacta
355 1522 459 1583 prope
481 1511 593 1575 nocte,
619 1520 696 1563 snos
719 1521 815 1583 quom
839 1498 974 1563 Lucifer
995 1499 1086 1581 ignes

272 1605 448 1685 spargeret
470 1613 502 1664 et
524 1600 649 1664 volucri
672 1600 817 1664 roscidus
840 1600 901 1664 iret
923 1621 1027 1685 equo,

208 1702 286 1766 Vidi
309 1704 437 1766 sidereo
459 1703 631 1765 radiantem
654 1701 771 1766 lumine
793 1702 928 1767 sormam

273 1805 415 1868 Aethere
438 1802 558 1867 delabi:
582 1824 647 1868 nou
669 1803 729 1867 luit
750 1803 804 1867 illa
826 1803 936 1887 quies,

210 1908 272 1969 Sed
294 1925 391 1969 verus
413 1904 519 1969 iuveni
541 1906 635 1970 color
658 1918 689 1969 et
712 1926 827 1982 sonus,
853 1916 886 1968 at
906 1916 1005 1969 status
1027 1903 1104 1987 ipse'

272 2008 383 2072 Maior
405 2018 473 2070 erat
494 2018 569 2070 nota
594 2005 744 2090 corporis
765 2007 879 2090 effigie.

207 2108 369 2175 Ardentes
392 2108 558 2173 oculorum
583 2110 679 2172 orbes
702 2110 918 2193 humerosque
940 2107 1075 2172 nitentes

273 2211 452 2275 Ostendens
474 2229 573 2275 roseo
595 2209 732 2274 reddidit
754 2231 813 2274 ore
835 2231 951 2275 sonosa

208 2310 357 2394 „Adtiujs
379 2313 598 2378 memorande!
623 2312 699 2395 qnid
723 2331 742 2376 o
766 2333 814 2375 me
837 2316 878 2376 ad
897 2311 1000 2376 sidera
1021 2310 1101 2376 caeli

272 2411 425 2476 Ablatum
450 2412 618 2496 quereris?
641 2412 748 2477 desine
772 2414 851 2478 flere
876 2416 984 2478 deum.
1025 2486 1028 2491 p

209 2515 260 2579 Nc
282 2514 382 2596 pietas
406 2513 517 2598 ignara
536 2536 671 2597 superna
693 2518 767 2578 sede
789 2526 955 2598 receptum

271 2617 402 2699 Lugeat
425 2626 457 2677 et
478 2616 581 2680 laedat
602 2616 719 2681 lrunina
733 2602 884 2683 tristitia.
1174 2690 1178 2697 ,

209 2717 286 2781 Non
309 2739 372 2802 ego
396 2720 569 2783 Tartareas
590 2722 767 2801 penetrabo
792 2722 892 2783 tristis
914 2723 954 2784 ad
974 2725 1122 2798 umbras,

272 2821 347 2884 Non
370 2820 586 2884 Acheronteis
608 2823 798 2885 transvehar
821 2826 932 2886 umbra
955 2824 1058 2888 vadis.

208 2921 285 2985 Nou
305 2941 370 3004 ego
392 2922 569 2984 caeruleam
590 2944 680 2987 remo
702 2924 837 3005 pulsabo
861 2925 1021 2999 carinam,

272 3024 342 3085 Ncc
365 3034 394 3085 te
416 3021 593 3088 terribilem
615 3024 723 3088 lronte
744 3027 884 3101 timebo,
910 3024 1057 3091 Charon.

207 3123 280 3187 Nec
301 3124 411 3188 Minos
435 3124 510 3190 mihi
532 3125 600 3188 iura
620 3127 706 3188 dabit
724 3131 923 3208 grandaevus
945 3139 976 3191 et
998 3127 1076 3190 atris

272 3227 348 3288 Non
371 3228 490 3289 errabo
512 3226 594 3306 locis
617 3248 675 3290 nee
695 3228 873 3294 cohibebor
897 3229 1000 3313 aquis.
1247 3296 1251 3301 ,

209 3328 334 3409 Surge,
356 3327 443 3390 refer
467 3328 578 3406 matri,
603 3350 643 3393 ne
666 3351 715 3395 me
738 3342 912 3415 noctesque
930 3332 1060 3418 diesque
1281 3331 1313 3397 15
1345 3352 1347 3479 p

272 3428 415 3506 Delleat‚
441 3442 476 3494 ut
498 3451 641 3494 maerens
665 3431 774 3496 Attica
796 3444 895 3499 mater
916 3435 1003 3514 Ityn.

207 3528 289 3591 Nam
314 3552 363 3593 me
387 3543 494 3595 sancta
517 3532 631 3595 Venus
653 3535 744 3596 sedes
767 3556 831 3598 non
853 3533 949 3599 nosse
970 3534 1118 3601 silentum

272 3630 370 3696 Iussit
391 3644 424 3697 et
447 3631 479 3699 in
501 3634 579 3698 caeli
601 3635 704 3701 lucida
728 3638 845 3723 templa
866 3638 970 3703 tulit.”
1078 3708 1083 3719 q

276 3845 398 3896 LXXXI.
438 3847 479 3895 ld.
508 3852 606 3899 lumino
635 3856 696 3910 lapis
724 3856 786 3911 lpse.
810 3855 839 3906 B.
862 3875 897 3890 -
914 3857 1019 3905 utrmiuc
1045 3857 1123 3913 prirna
1154 3859 1250 3904 Grntcrt
1277 3855 1312 3899 tt.
1343 3882 1344 3895 .

208 3911 251 3960 19.
270 3916 352 3962 tristis
375 3917 410 3964 ud
429 3919 532 3965 umbrae
551 3924 610 3976 lapis
629 3929 688 3968 teste
707 3925 831 3970 Faba-etto.
850 3924 1014 3973 Emendat-unt
1032 3925 1123 3971 under.
1163 3925 1206 3972 21.
1223 3924 1313 3983 putente

106 4018 114 4031 .
208 3996 238 4027 21
255 3996 332 4042 marg·
352 3986 423 4033 (tum
443 3987 546 4033 eulccbo
564 3991 593 4033 u.
641 3994 707 4052 Quae
725 3995 793 4039 oncis
813 3995 904 4039 inclusa
922 3995 1005 4051 vides,
1026 3996 1112 4050 partim
1131 4011 1145 4040 a
1165 4010 1223 4049 nae,
1242 3994 1314 4050 partiat

212 4050 243 4125 qb
261 4052 315 4127 aliis
333 4060 387 4099 sunt
405 4056 513 4109 suppleta
531 4068 554 4100 v.
575 4053 617 4100 31.
636 4059 684 4104 Atti
701 4061 775 4107 lauro
793 4063 914 4109 radirnire
932 4065 1048 4122 capillos.
1079 4066 1138 4111 .Sod
1156 4067 1234 4110 mitius
1252 4064 1315 4119 plaut

207 4114 384 4174 ασυνδετον,
405 4121 467 4177 quod
485 4122 538 4167 iude
557 4125 650 4179 oritur,
670 4134 694 4173 ot
711 4132 800 4187 capilli
817 4134 889 4179 intacti
909 4147 963 4178 ctun
981 4134 1062 4181 crt'ne.
1106 4134 1232 4181 Immerito
1249 4138 1314 4177 antem

209 4184 357 4232 schraterus
375 4191 404 4233 aa
422 4188 493 4234 buius
510 4192 623 4239 carminis
641 4196 780 4256 antiquitate
798 4202 923 4249 dubitavit.
