2772 4750
222 189 285 253 118

225 342 375 424 Unigena
392 338 558 420 impellens
579 334 760 398 nutantibus
785 336 869 396 ae'ra'
882 333 995 412 pennis

290 439 418 504 Obtulit
441 438 600 521 Arsinoes
623 435 789 499 Locridos
812 432 876 497 ales
896 453 1010 517 equos.

221 542 320 622 Isque
339 563 398 620 per
420 538 578 600 aetherias
600 558 649 598 rue
667 534 787 597 tollens
810 534 918 596 avolat
942 534 1070 593 umbras
1311 536 1350 595 55

220 711 232 725 .
287 644 331 704 Et
354 638 492 702 Veneris
515 648 602 699 casto
626 635 778 704 conlocat
793 633 826 696 in
848 633 985 716 gremio.

152 726 158 739 ’
223 745 299 824 Ipsa
322 763 409 803 suum
434 735 622 819 Zephyritis
643 757 682 798 eo
707 734 859 796 famulum
881 734 1021 815 legarat,
1080 795 1085 802 ,

289 845 390 904 Grata
417 837 578 917 Canopeis
599 824 705 898 incola
729 833 897 908 litoribus,
938 844 941 849 ’

225 943 358 1006 Scilicet
379 939 414 1000 in'
433 938 526 1000 vario
547 959 586 998 nc
609 937 711 998 solum
733 934 832 995 limite
851 933 932 995 caeli

289 1044 342 1103 Ex
359 1036 558 1102 ¹Ariadnaeis
581 1056 674 1097 aurea
697 1034 896 1114 temporibus

226 1140 309 1203 Fixa
333 1139 466 1221 Corona
488 1138 592 1209 foret,
616 1138 671 1197 sed
690 1157 749 1197 nos
774 1154 902 1217 quoque
923 1134 1120 1216 fulgeremus
1147 1144 1151 1148 '

289 1239 438 1302 Devotae
459 1235 536 1298 flavi
559 1235 689 1305 verticis
709 1233 857 1297 exsuviae.

226 1471 293 1514 terra
313 1480 360 1510 uon
379 1465 448 1509 tacite
466 1468 579 1519 tollatur3
599 1467 750 1521 cogitandum
768 1467 831 1507 enim
849 1476 902 1506 esse
921 1476 968 1506 non
987 1461 1034 1505 ts'm
1048 1463 1176 1504 mortalem
1187 1491 1195 1514 ,
1214 1460 1261 1505 sed
1274 1463 1353 1506 Divae

227 1536 362 1580 ministerio
381 1540 470 1588 aptum.
508 1534 614 1576 Strutb'to
634 1538 726 1584 autem,
754 1532 831 1588 pergit
849 1533 904 1583 itte,
930 1531 1065 1573 Metnnonis
1085 1534 1202 1585 unigena,
1223 1531 1243 1572 i.
1266 1545 1289 1573 e.
1310 1544 1353 1587 ge-

225 1606 288 1648 nitus
308 1617 352 1645 nnn
371 1603 467 1657 (Epith.
481 1603 532 1645 Pel.
548 1614 570 1643 r.
587 1598 657 1649 3⁰0.)
677 1600 829 1654 perhibetur,
851 1600 921 1653 quia,
941 1612 1012 1654 quum
1036 1599 1058 1640 in
1078 1610 1140 1654 rogo
1158 1590 1279 1640 Metunoii
1299 1612 1352 1641 cre·

224 1677 346 1723 inuretur,
368 1671 397 1712 ob
417 1683 500 1723 preces
518 1669 670 1725 Auroraeyin
689 1669 754 1710 erem
768 1672 871 1710 mutatus
884 1673 920 1709 est
928 1698 934 1718 ,
956 1665 1054 1721 eiusque
1076 1679 1105 1708 eu
1118 1666 1243 1708 cineribus
1260 1668 1353 1709 sttultae

225 1741 296 1783 simul
309 1739 368 1780 aliae
380 1738 548 1789 evolaverunt,
571 1737 722 1779 Memnonias·
734 1750 755 1778 s.
771 1737 936 1779 Memnonides
949 1735 1034 1777 dictae.
1050 1734 1119 1777 Ouid.
1136 1734 1196 1777 Met.
1214 1731 1265 1783 13,
1289 1731 1351 1777 607.

226 1830 259 1840 -
278 1819 379 1849 sorores
398 1806 554 1856 innumerae,
575 1804 663 1860 quibus
688 1809 726 1846 est
750 1803 835 1846 eudem
854 1803 949 1845 notulis
967 1802 1056 1858 origo,
1077 1802 1158 1843 cineri
1177 1807 1294 1858 cognato
1313 1815 1354 1844 se-

221 1875 293 1933 pulto
306 1886 422 1928 corpore.
453 1873 617 1914 Memnonides
636 1885 692 1914 tero
711 1885 766 1914 aves
787 1885 845 1927 qriee
865 1871 960 1924 proprie
979 1871 1039 1920 sint,
1060 1883 1132 1924 quum
1151 1869 1212 1911 haud
1234 1875 1353 1912 accurate

227 1941 362 1986 definierint
380 1941 485 1995 antiqui,
506 1941 562 1981 nihil
583 1953 639 1982 sune
659 1945 737 1983 vetare
756 1941 902 1990 arbitratur,
927 1950 973 1992 quo
992 1939 1070 1979 minus
1089 1937 1214 1990 Aethiopis
1236 1939 1354 1981 Metnuo·

224 2012 261 2054 nis
282 2012 422 2066 unigenam,
441 2008 612 2059 struthionem,
633 2020 699 2049 uteru
718 2009 775 2050 item
787 2007 953 2059 Aethiopicum
966 2005 1125 2047 Callimachus
1145 2006 1356 2056 uuucunaverit.”

227 2098 257 2109 -
277 2080 323 2121 Sed
343 2090 370 2120 ne
390 2078 444 2131 quid
464 2076 624 2125 dissimulem,
657 2078 736 2116 obstat
759 2075 834 2116 adhuc
853 2075 983 2116 auctoritas
1003 2073 1094 2114 nettuut
1113 2073 1142 2115 H.
1163 2073 1193 2114 Α.
1216 2069 1253 2122 5,
1276 2071 1301 2117 1.
1327 2073 1355 2114 de

227 2147 310 2188 avibus
328 2145 382 2187 istis
401 2145 458 2186 haec
476 2144 606 2185 trudentis:
626 2138 683 2203 γῆν
701 2138 755 2203 τὴν
773 2137 931 2208 Παριανῶν
949 2140 1000 2187 καὶ
1017 2135 1072 2201 τὴν
1084 2138 1203 2202 γείτονα
1216 2136 1358 2198 Κύζικον

225 2206 350 2278 ὄρνιθας
367 2211 458 2258 οἰκεῖν
476 2207 606 2270 μέλανας
624 2207 694 2256 ἰδεῖν
718 2223 810 2268 φασι,
839 2205 874 2256 τὸ
905 2205 935 2255 δὲ
965 2204 1068 2269 σχῆμα
1096 2201 1190 2265 εἴποις
1222 2207 1357 2273 ἱέρακας

225 2276 338 2339 αὐτοὺς
355 2272 401 2326 ἄν.
422 2290 445 2322 v.
461 2277 653 2330 steyn-uicum.
671 2274 694 2320 3.
709 2279 737 2319 ad
751 2280 810 2320 Aen.
824 2276 865 2322 11.
878 2290 901 2329 p.
915 2273 973 2319 637.
995 2279 1028 2319 lta
1042 2277 1064 2318 h.
1080 2276 1097 2317 Ι.
1112 2275 1224 2332 unigena
1239 2290 1291 2317 nou
1309 2289 1356 2318 una

224 2350 318 2405 genitus
338 2349 397 2399 erit,
423 2348 464 2388 sed
485 2360 513 2389 er
533 2347 614 2389 eadem
632 2351 701 2401 gente
721 2347 845 2387 oriundus.
875 2345 987 2386 Ceterum
1004 2344 1142 2386 Vincentius
1161 2355 1308 2394 provocans
1329 2346 1356 2384 ad

226 2414 311 2459 vetet.
327 2415 442 2468 (Tbeo'cr.
454 2414 569 2455 Adouiuz·
585 2426 608 2466 p.
624 2410 694 2465 355.)
711 2416 733 2455 in
752 2414 835 2464 Hedyli
852 2412 936 2467 Epigr.
952 2412 1048 2453 Anthol.
1062 2412 1139 2455 Putat.
1152 2408 1176 2456 2.
1190 2424 1213 2463 p.
1230 2408 1298 2454 7610.
1311 2425 1358 2464 pro

225 2481 346 2543 εἰδείης,
367 2483 402 2524 eui
420 2480 503 2524 tacobs
522 2487 587 2524 recte
606 2482 727 2523 substituit
742 2477 856 2541 αἰδοίης
876 2497 891 2506 -
908 2497 923 2505 -
940 2473 1101 2546 Ἀρσινόης,
1118 2472 1249 2539 Ἱππείης
1268 2493 1358 2521 emen-

226 2553 337 2602 dantem,
362 2550 422 2593 hunc
443 2551 519 2593 locum
539 2551 631 2600 laudat,
661 2551 726 2604 quasi
746 2563 768 2592 r.
785 2546 826 2592 5st.
849 2549 969 2604 legeretur
988 2548 1056 2599 oles,
1083 2559 1171 2603 speses,
1199 2551 1224 2588 et
1246 2548 1359 2597 explicat

225 2621 253 2662 de
273 2623 343 2660 vento
361 2621 440 2672 alato,
471 2619 537 2660 cuius
562 2616 653 2673 effigies
677 2619 749 2661 fuerit
774 2618 796 2659 iu
816 2617 931 2658 Arsinoes
950 2616 1059 2657 delubro.
1080 2615 1190 2669 lcouogr.
1208 2627 1252 2667 gr.
1274 2615 1311 2656 Τ.
1332 2614 1357 2657 3.

226 2701 249 2740 p.
265 2683 323 2728 221.
371 2682 412 2730 53.
433 2683 577 2728 nutantibus
596 2685 661 2727 ltIur.
683 2706 715 2714 -
734 2684 887 2727 ructantibus
905 2684 983 2725 Bentl.
1002 2683 1086 2724 Valclt.
1108 2683 1178 2734 prob.
1199 2682 1313 2728 Wakef.
1330 2684 1360 2723 ad

224 2755 323 2796 Lucret.
336 2750 364 2805 6,
381 2751 439 2797 836.
459 2751 522 2796 Heio
542 2751 619 2807 teres)
639 2752 681 2794 ubi·
698 2753 792 2794 nictari
809 2757 931 2808 nequeunt
948 2751 1113 2806 insistereque
1130 2749 1197 2801 ulis,
1220 2749 1265 2790 ubi
1286 2751 1359 2792 Festi

224 2822 367 2865 atteteritats
387 2822 477 2864 nititur.
498 2822 573 2861 Codd.
594 2821 694 2863 nixus-i.
727 2822 772 2862 Sed
798 2821 850 2862 ideo
877 2819 961 2873 ubique
981 2818 1145 2860 intrudendum
1164 2830 1210 2858 uon
1235 2823 1313 2872 erat;
1335 2831 1358 2859 r.

225 2890 359 2933 rectissime
378 2891 406 2931 de
426 2889 462 2930 his
482 2888 562 2930 verbis
581 2894 686 2940 nutare,
712 2894 817 2939 nature,
842 2887 940 2928 nicture
958 2886 1100 2928 iudicantem
1119 2883 1182 2927 Oud.
1204 2886 1236 2925 ad
1260 2886 1358 2939 Appul.

225 2960 285 3001 Met.
303 2955 326 2999 6.
345 2969 368 3008 p.
388 2953 446 2999 tos.
467 2955 614 3012 libratisque
630 2956 769 3010 pinnorum
787 2955 927 2997 nutantium
946 2954 1060 2996 molibus.
1079 2974 1113 2985 -
1130 2953 1185 2993 oles
1203 2966 1290 3008 equos
1308 2954 1359 2994 Ed.

224 3030 302 3080 princ.
321 3025 373 3066 stit.
389 3024 487 3067 Lachne.
506 3025 600 3078 antiqua
617 3026 744 3075 scriptura.
790 3020 831 3066 bl.
851 3020 986 3064 locridiros
1001 3021 1069 3063 Statii
1083 3020 1158 3061 Codd.
1180 3041 1212 3051 —
1235 3019 1359 3063 docridt-
1382 3012 1383 3033 ³

225 3107 269 3136 eos
284 3092 351 3137 Leid.
371 3108 404 3125 a·
423 3090 572 3134 elocridicos
585 3093 645 3133 Cod.
663 3092 775 3133 Ambros.
795 3092 825 3135 Y.
847 3113 878 3122 -
902 3086 1031 3130 Chloridos
1047 3088 1092 3129 Ed.
1111 3101 1147 3139 pr.
1164 3087 1245 3129 Doer.
1262 3102 1316 3142 qua
1331 3102 1360 3130 es

225 3162 319 3203 ratione
340 3160 467 3202 Chloridos
487 3173 571 3215 equuus
597 3160 643 3202 utut
669 3159 725 3201 olim
745 3158 913 3201 asseverabant
932 3157 1067 3209 Zephyrum
1090 3156 1195 3198 ciusdem
1214 3159 1344 3198 maritum
1352 3188 1359 3207 ,

225 3231 262 3271 vet
280 3228 399 3279 vArsinoen
420 3228 549 3269 Chloridos
574 3241 666 3282 quoque
691 3231 874 3283 cognomentum
893 3225 1003 3266 habuisse
1023 3224 1180 3265 eotriuiarunt.
1208 3223 1261 3265 Sed
1283 3237 1360 3276 prae·

225 3297 289 3346 clare
302 3295 381 3336 Bentl.
396 3297 458 3340 roni.
473 3293 594 3337 Locridos
602 3325 607 3345 ,
629 3297 742 3351 exVVirg.
760 3295 820 3336 Aen.
838 3290 883 3343 11,
903 3289 961 3334 2⁶5.
976 3290 996 3334 L
1008 3291 1102 3348 tissone
1115 3288 1263 3332 habitantes
1276 3292 1361 3333 litore

225 3361 337 3411 Loerosl
357 3362 396 3402 ubi
410 3363 526 3404 Servius:
546 3360 622 3403 Locri
639 3363 703 3404 socii
720 3361 808 3404 Aiacis
828 3359 895 3403 Oilei
908 3356 1017 3415 suerunt
1027 3355 1195 3414 Epizephyrii
1213 3364 1240 3399 et
1260 3356 1360 3401 Ozoli:

226 3428 337 3481 (Ozolae)
362 3427 407 3470 sed
429 3426 456 3470 iu·
480 3434 623 3483 tempestate
642 3429 717 3472 diuisi
736 3434 795 3472 sunt
821 3451 854 3460 -
884 3425 956 3471 0:015
973 3426 1050 3468 delati
1067 3425 1235 3479 Pentapolim.
1272 3427 1313 3468 Et
1336 3431 1360 3469 in

225 3497 350 3549 Pentapoli
367 3495 462 3539 sti-icae
476 3510 496 3540 s.
509 3496 640 3547 cyrenaica
653 3498 697 3539 fuit
709 3491 857 3562 Ζεφύριον
872 3487 975 3561 ἄκρον.
1013 3492 1053 3539 55.
1075 3492 1268 3539 aduolutCodd.
1288 3495 1359 3536 Euo.
1382 3512 1383 3579 p

226 3577 318 3608 omues.
342 3585 370 3596 -
390 3565 471 3606 avolat
490 3566 585 3621 egregia
607 3570 643 3607 est
661 3566 757 3607 Cerneri
777 3564 913 3614 correctio,
933 3567 1028 3614 recepta
1048 3563 1119 3603 etiam
1138 3575 1151 3602 a
1170 3561 1228 3602 snt.
1258 3562 1287 3603 ln
1305 3565 1359 3604 rut-

225 3634 276 3690 gari
295 3633 397 3675 lectione
417 3632 452 3674 bis
475 3632 652 3683 idem'diritur,
673 3646 700 3674 se
720 3632 807 3674 obtulit
823 3636 846 3673 et
866 3631 955 3672 tollens
975 3630 1034 3682 (pro
1050 3628 1214 3679 sublaturus)
1237 3628 1355 3672 advolat.
1382 3648 1383 3675 5

224 3702 261 3744 lb.
282 3699 474 3743 umbrusGodd.
488 3700 600 3743 Ambros.
614 3696 638 3743 lt.
652 3700 697 3747 Ed.
711 3693 786 3753 princi
802 3698 861 3741 Stat.
874 3699 937 3741 Scal.
949 3699 1021 3740 Voss.
1033 3698 1104 3739 Fosr.
1117 3696 1194 3739 Noctu
1210 3697 1283 3739 enirn
1299 3698 1356 3740 sub·
1382 3686 1383 3763 l

225 3770 272 3811 lata
292 3772 328 3810 est
346 3780 422 3810 cotue.
454 3791 486 3800 --
514 3777 593 3811 uterus
619 3769 749 3822 Culphurn.
770 3767 840 3810 utu-t.
862 3767 931 3808 Cant.
951 3767 1026 3808 Dour.
1043 3765 1127 3806 vitet.
1147 3764 1210 3819 quod
1230 3766 1262 3807 de
1284 3780 1358 3807 corus

226 3837 361 3879 Ariadnaea
380 3842 444 3878 ret-te
465 3838 523 3881 dtrtt
542 3836 612 3879 oud.
628 3837 687 3880 utet.
704 3835 732 3888 8,
750 3834 806 3879 179.
828 3841 913 3877 tenues
933 3834 997 3875 uolut
1015 3833 1060 3874 illo
1075 3845 1123 3886 per
1136 3845 1229 3873 uterus.
1253 3833 1358 3886 &anuo-

225 3906 278 3947 nius
294 3907 332 3956 (r.
347 3902 480 3962 Autologiu
498 3904 524 3948 di
543 3901 811 3948 FirenseNou.1830.
830 3917 852 3955 p.
870 3899 938 3951 122.)
956 3902 1012 3956 legit
1028 3902 1081 3942 ates
1100 3913 1173 3956 eques
1192 3901 1359 3957 explicatque

225 3976 257 4016 duv
270 3972 397 4024 Lucifero,
417 3974 519 4016 Veneris
537 3978 617 4025 astro,
645 3974 745 4028 unigena
764 3974 780 4015 i.
799 3986 821 4015 e.
839 3971 912 4012 fratre
930 3970 1080 4021 Menmonis,
1108 3970 1163 4023 quia
1179 3967 1236 4019 ipse
1255 3982 1360 4025 quoquc

225 4041 322 4084 Lucifer
341 4043 450 4085 Aurorae
469 4040 548 4095 lilius3
568 4041 651 4085 stellas
669 4046 744 4083 autem
759 4041 825 4093 equis
838 4039 909 4092 rehi3
930 4039 1015 4079 utitem
1025 4037 1124 4091 denique
1138 4036 1184 4077 dici
1194 4035 1360 4088 Luciferum,
1382 4028 1383 4089 i

224 4115 250 4153 ut
273 4110 334 4163 apud
356 4111 480 4152 Valerium
501 4110 518 4150 F
522 4111 580 4151 lace.
600 4106 664 4165 Arg.
686 4107 714 4160 6,
737 4105 795 4150 527.
823 4106 905 4149 roseis
929 4106 949 4148 it
966 4103 1070 4160 Lucijer
1088 4104 1148 4146 ulis.
1181 4103 1362 4148 Nihilominus

224 4179 336 4234 praefero
360 4177 469 4233 equidem
488 4176 575 4217 tttontn
600 4176 717 4218 rationein
736 4176 860 4229 probatam
878 4176 948 4219 etiarn
968 4174 1177 4229 Brueggemauuo.
1238 4171 1287 4216 58.
1312 4175 1362 4219 Per
