<?xml version="1.0" encoding="UTF-8"?>
<!DOCTYPE html PUBLIC "-//W3C//DTD XHTML 1.0 Transitional//EN"
    "http://www.w3.org/TR/xhtml1/DTD/xhtml1-transitional.dtd">
<html xmlns="http://www.w3.org/1999/xhtml" xml:lang="en" lang="en">
 <head>
  <title>
</title>
<meta http-equiv="Content-Type" content="text/html;charset=utf-8" />
  <meta name='ocr-system' content='tesseract 3.04.00' />
  <meta name='ocr-capabilities' content='ocr_page ocr_carea ocr_par ocr_line ocrx_word'/>
</head>
<body>
  <div class='ocr_page' id='page_1' title='image "./eclogaepoetarum02orelgoog_0388.png"; bbox 0 0 2762 4762; ppageno 0'>
   <div class='ocr_carea' id='block_1_1' title="bbox 243 825 996 900">
    <p class='ocr_par' dir='ltr' id='par_1_1' title="bbox 243 825 996 900">
     <span class='ocr_line' id='line_1_1' title="bbox 243 825 996 900; baseline -0.003 0"><span class='ocrx_word' id='word_1_1' title='bbox 243 826 512 900; x_wconf 76' lang='lat' dir='ltr'>TYRTAEI</span> <span class='ocrx_word' id='word_1_2' title='bbox 549 827 805 900; x_wconf 82' lang='lat' dir='ltr'><strong>ELEGIAE</strong></span> <span class='ocrx_word' id='word_1_3' title='bbox 842 825 996 899; x_wconf 81' lang='lat' dir='ltr'><strong>DUAE</strong></span> 
     </span>
    </p>
   </div>
   <div class='ocr_carea' id='block_1_2' title="bbox 494 1015 641 1058">
    <p class='ocr_par' dir='ltr' id='par_1_2' title="bbox 494 1015 641 1058">
     <span class='ocr_line' id='line_1_2' title="bbox 494 1015 641 1058; baseline 0 0"><span class='ocrx_word' id='word_1_4' title='bbox 494 1015 641 1058; x_wconf 77' lang='lat' dir='ltr'>¹AB</span> 
     </span>
    </p>
   </div>
   <div class='ocr_carea' id='block_1_3' title="bbox 104 1157 1132 1224">
    <p class='ocr_par' dir='ltr' id='par_1_3' title="bbox 104 1157 1132 1224">
     <span class='ocr_line' id='line_1_3' title="bbox 104 1157 1132 1224; baseline -0.001 -2"><span class='ocrx_word' id='word_1_5' title='bbox 104 1161 294 1224; x_wconf 88' lang='lat' dir='ltr'>HUGONE</span> <span class='ocrx_word' id='word_1_6' title='bbox 317 1159 497 1224; x_wconf 88' lang='lat' dir='ltr'>GROTIO</span> <span class='ocrx_word' id='word_1_7' title='bbox 518 1159 566 1222; x_wconf 87' lang='lat' dir='ltr'>IN</span> <span class='ocrx_word' id='word_1_8' title='bbox 588 1159 811 1223; x_wconf 87' lang='lat' dir='ltr'><strong>LATINUM</strong></span> <span class='ocrx_word' id='word_1_9' title='bbox 833 1157 1132 1223; x_wconf 83' lang='lat' dir='ltr'><strong>CONVERSAE.</strong></span> 
     </span>
    </p>
   </div>
   <div class='ocr_carea' id='block_1_4' title="bbox 49 1472 1070 4217">
    <p class='ocr_par' dir='ltr' id='par_1_4' title="bbox 496 1472 629 1535">
     <span class='ocr_line' id='line_1_4' title="bbox 496 1472 629 1535; baseline -0.008 0"><span class='ocrx_word' id='word_1_10' title='bbox 496 1504 500 1511; x_wconf 94' lang='lat'><em>·</em></span> <span class='ocrx_word' id='word_1_11' title='bbox 599 1472 629 1535; x_wconf 91' lang='lat'>1.</span> 
     </span>
    </p>

    <p class='ocr_par' dir='ltr' id='par_1_5' title="bbox 60 1607 941 1794">
     <span class='ocr_line' id='line_1_5' title="bbox 60 1607 941 1692; baseline -0.002 -18"><span class='ocrx_word' id='word_1_12' title='bbox 60 1610 196 1688; x_wconf 84' lang='lat' dir='ltr'>Audite,</span> <span class='ocrx_word' id='word_1_13' title='bbox 222 1610 330 1673; x_wconf 86' lang='lat' dir='ltr'>invicti</span> <span class='ocrx_word' id='word_1_14' title='bbox 353 1612 478 1692; x_wconf 85' lang='lat' dir='ltr'>quando</span> <span class='ocrx_word' id='word_1_15' title='bbox 501 1630 600 1691; x_wconf 86' lang='lat' dir='ltr'>genus</span> <span class='ocrx_word' id='word_1_16' title='bbox 623 1607 772 1673; x_wconf 84' lang='lat' dir='ltr'>Herculis</span> <span class='ocrx_word' id='word_1_17' title='bbox 794 1609 887 1672; x_wconf 83' lang='lat' dir='ltr'>estis:</span> <span class='ocrx_word' id='word_1_18' title='bbox 938 1652 941 1659; x_wconf 36' lang='grc' dir='ltr'><strong><em>ι</em></strong></span> 
     </span>
     <span class='ocr_line' id='line_1_6' title="bbox 120 1711 887 1794; baseline -0.009 -16"><span class='ocrx_word' id='word_1_19' title='bbox 120 1712 258 1794; x_wconf 89' lang='lat' dir='ltr'>Obstipo</span> <span class='ocrx_word' id='word_1_20' title='bbox 280 1715 417 1775; x_wconf 88' lang='lat' dir='ltr'>nondum</span> <span class='ocrx_word' id='word_1_21' title='bbox 441 1713 587 1792; x_wconf 85' lang='lat' dir='ltr'>Iuppiter</span> <span class='ocrx_word' id='word_1_22' title='bbox 609 1722 658 1773; x_wconf 87' lang='lat' dir='ltr'>est</span> <span class='ocrx_word' id='word_1_23' title='bbox 679 1711 793 1792; x_wconf 77' lang='lat' dir='ltr'>eapite.</span> <span class='ocrx_word' id='word_1_24' title='bbox 885 1720 887 1725; x_wconf 85' lang='lat'>&#39;</span> 
     </span>
    </p>

    <p class='ocr_par' dir='ltr' id='par_1_6' title="bbox 59 1812 1063 1996">
     <span class='ocr_line' id='line_1_7' title="bbox 59 1812 1063 1893; baseline -0.004 -18"><span class='ocrx_word' id='word_1_25' title='bbox 59 1814 264 1877; x_wconf 69' lang='lat' dir='ltr'>uenantum</span> <span class='ocrx_word' id='word_1_26' title='bbox 287 1825 399 1876; x_wconf 86' lang='lat' dir='ltr'>eontra</span> <span class='ocrx_word' id='word_1_27' title='bbox 422 1834 585 1875; x_wconf 87' lang='lat' dir='ltr'>numerum</span> <span class='ocrx_word' id='word_1_28' title='bbox 607 1812 763 1893; x_wconf 82' lang='lat' dir='ltr'>trepidate</span> <span class='ocrx_word' id='word_1_29' title='bbox 786 1812 949 1885; x_wconf 87' lang='lat' dir='ltr'>virorum,</span> <span class='ocrx_word' id='word_1_30' title='bbox 1060 1828 1063 1835; x_wconf 60' lang='lat'><em>⁴</em></span> 
     </span>
     <span class='ocr_line' id='line_1_8' title="bbox 120 1912 841 1996; baseline -0.003 -21"><span class='ocrx_word' id='word_1_31' title='bbox 120 1915 182 1977; x_wconf 87' lang='lat' dir='ltr'>Sed</span> <span class='ocrx_word' id='word_1_32' title='bbox 204 1936 346 1996; x_wconf 83' lang='lat' dir='ltr'>parmam</span> <span class='ocrx_word' id='word_1_33' title='bbox 369 1914 479 1994; x_wconf 86' lang='lat' dir='ltr'>primis</span> <span class='ocrx_word' id='word_1_34' title='bbox 503 1912 630 1976; x_wconf 85' lang='lat' dir='ltr'>obiicite</span> <span class='ocrx_word' id='word_1_35' title='bbox 653 1914 841 1996; x_wconf 81' lang='lat' dir='ltr'><strong>agminibus.</strong></span> 
     </span>
    </p>

    <p class='ocr_par' dir='ltr' id='par_1_7' title="bbox 60 2011 1010 2197">
     <span class='ocr_line' id='line_1_9' title="bbox 60 2011 1010 2090; baseline -0.005 -11"><span class='ocrx_word' id='word_1_36' title='bbox 60 2015 212 2079; x_wconf 85' lang='lat' dir='ltr'>Proiicite</span> <span class='ocrx_word' id='word_1_37' title='bbox 237 2038 277 2078; x_wconf 84' lang='lat' dir='ltr'>ex</span> <span class='ocrx_word' id='word_1_38' title='bbox 301 2015 405 2078; x_wconf 87' lang='lat' dir='ltr'>animo</span> <span class='ocrx_word' id='word_1_39' title='bbox 428 2017 511 2076; x_wconf 83' lang='lat' dir='ltr'>hanc</span> <span class='ocrx_word' id='word_1_40' title='bbox 533 2015 683 2090; x_wconf 80' lang='lat' dir='ltr'>animam,</span> <span class='ocrx_word' id='word_1_41' title='bbox 708 2034 766 2075; x_wconf 91' lang='lat' dir='ltr'>nec</span> <span class='ocrx_word' id='word_1_42' title='bbox 787 2013 902 2076; x_wconf 81' lang='lat' dir='ltr'>lumina</span> <span class='ocrx_word' id='word_1_43' title='bbox 924 2011 1010 2076; x_wconf 85' lang='lat' dir='ltr'>Solis</span> 
     </span>
     <span class='ocr_line' id='line_1_10' title="bbox 120 2115 854 2197; baseline -0.007 -18"><span class='ocrx_word' id='word_1_44' title='bbox 120 2116 271 2197; x_wconf 80' lang='lat' dir='ltr'>Quaerite</span> <span class='ocrx_word' id='word_1_45' title='bbox 293 2137 370 2197; x_wconf 82' lang='lat' dir='ltr'>prae</span> <span class='ocrx_word' id='word_1_46' title='bbox 393 2115 514 2178; x_wconf 84' lang='lat' dir='ltr'>Mortis</span> <span class='ocrx_word' id='word_1_47' title='bbox 537 2125 631 2178; x_wconf 88' lang='lat' dir='ltr'>nocte</span> <span class='ocrx_word' id='word_1_48' title='bbox 652 2115 854 2195; x_wconf 81' lang='lat' dir='ltr'>soporifera:</span> 
     </span>
    </p>

    <p class='ocr_par' dir='ltr' id='par_1_8' title="bbox 61 2214 918 2398">
     <span class='ocr_line' id='line_1_11' title="bbox 61 2214 918 2299; baseline -0.005 -20"><span class='ocrx_word' id='word_1_49' title='bbox 61 2217 149 2280; x_wconf 88' lang='lat' dir='ltr'>Scitis</span> <span class='ocrx_word' id='word_1_50' title='bbox 172 2217 272 2292; x_wconf 88' lang='lat' dir='ltr'>enim,</span> <span class='ocrx_word' id='word_1_51' title='bbox 296 2216 381 2280; x_wconf 82' lang='lat' dir='ltr'>saevi</span> <span class='ocrx_word' id='word_1_52' title='bbox 405 2237 497 2299; x_wconf 82' lang='lat' dir='ltr'>quern</span> <span class='ocrx_word' id='word_1_53' title='bbox 520 2215 604 2278; x_wconf 79' lang='lat' dir='ltr'>secte</span> <span class='ocrx_word' id='word_1_54' title='bbox 626 2215 758 2278; x_wconf 80' lang='lat' dir='ltr'><strong>illustria</strong></span> <span class='ocrx_word' id='word_1_55' title='bbox 782 2214 918 2291; x_wconf 82' lang='lat' dir='ltr'>Martis,</span> 
     </span>
     <span class='ocr_line' id='line_1_12' title="bbox 120 2316 814 2398; baseline -0.006 -17"><span class='ocrx_word' id='word_1_56' title='bbox 120 2319 223 2398; x_wconf 81' lang='lat' dir='ltr'>Quam</span> <span class='ocrx_word' id='word_1_57' title='bbox 247 2317 288 2380; x_wconf 92' lang='lat' dir='ltr'>sit</span> <span class='ocrx_word' id='word_1_58' title='bbox 310 2319 465 2382; x_wconf 85' lang='lat' dir='ltr'>bellorum</span> <span class='ocrx_word' id='word_1_59' title='bbox 488 2317 604 2379; x_wconf 87' lang='lat' dir='ltr'>nobilis</span> <span class='ocrx_word' id='word_1_60' title='bbox 625 2316 679 2379; x_wconf 92' lang='lat' dir='ltr'>ille</span> <span class='ocrx_word' id='word_1_61' title='bbox 701 2316 814 2390; x_wconf 83' lang='lat' dir='ltr'>furor,</span> 
     </span>
    </p>

    <p class='ocr_par' dir='ltr' id='par_1_9' title="bbox 60 2414 897 2596">
     <span class='ocr_line' id='line_1_13' title="bbox 60 2414 897 2503; baseline -0.004 -21"><span class='ocrx_word' id='word_1_62' title='bbox 60 2420 157 2502; x_wconf 78' lang='lat' dir='ltr'>Saepe</span> <span class='ocrx_word' id='word_1_63' title='bbox 179 2419 288 2503; x_wconf 79' lang='lat' dir='ltr'>sugam</span> <span class='ocrx_word' id='word_1_64' title='bbox 313 2418 456 2500; x_wconf 87' lang='lat' dir='ltr'>experti,</span> <span class='ocrx_word' id='word_1_65' title='bbox 480 2417 756 2502; x_wconf 80' lang='lat' dir='ltr'>fugientessaepe</span> <span class='ocrx_word' id='word_1_66' title='bbox 779 2414 897 2479; x_wconf 80' lang='lat' dir='ltr'>secuti:</span> 
     </span>
     <span class='ocr_line' id='line_1_14' title="bbox 117 2517 873 2596; baseline -0.011 -10"><span class='ocrx_word' id='word_1_67' title='bbox 117 2522 148 2586; x_wconf 93' lang='grc' dir='ltr'>Ο</span> <span class='ocrx_word' id='word_1_68' title='bbox 170 2521 319 2596; x_wconf 84' lang='lat' dir='ltr'>iuvenes,</span> <span class='ocrx_word' id='word_1_69' title='bbox 341 2540 498 2583; x_wconf 20' lang='lat' dir='ltr'>sorsevos</span> <span class='ocrx_word' id='word_1_70' title='bbox 521 2518 599 2594; x_wconf 84' lang='lat' dir='ltr'>ista,</span> <span class='ocrx_word' id='word_1_71' title='bbox 624 2539 683 2580; x_wconf 90' lang='lat' dir='ltr'>nec</span> <span class='ocrx_word' id='word_1_72' title='bbox 703 2517 761 2579; x_wconf 81' lang='lat' dir='ltr'>ista</span> <span class='ocrx_word' id='word_1_73' title='bbox 784 2518 873 2581; x_wconf 77' lang='lat' dir='ltr'>latet.</span> 
     </span>
    </p>

    <p class='ocr_par' dir='ltr' id='par_1_10' title="bbox 57 2619 982 2803">
     <span class='ocr_line' id='line_1_15' title="bbox 57 2619 982 2706; baseline -0.001 -22"><span class='ocrx_word' id='word_1_74' title='bbox 57 2623 136 2685; x_wconf 83' lang='lat' dir='ltr'>Nam</span> <span class='ocrx_word' id='word_1_75' title='bbox 159 2620 215 2706; x_wconf 84' lang='lat' dir='ltr'>qni</span> <span class='ocrx_word' id='word_1_76' title='bbox 238 2620 393 2685; x_wconf 88' lang='lat' dir='ltr'>consertis</span> <span class='ocrx_word' id='word_1_77' title='bbox 416 2620 591 2701; x_wconf 81' lang='lat' dir='ltr'>clipeorum</span> <span class='ocrx_word' id='word_1_78' title='bbox 616 2619 805 2681; x_wconf 86' lang='lat' dir='ltr'>umbonibus</span> <span class='ocrx_word' id='word_1_79' title='bbox 829 2621 945 2681; x_wconf 82' lang='lat' dir='ltr'>arulent</span> <span class='ocrx_word' id='word_1_80' title='bbox 976 2656 982 2683; x_wconf 81' lang='lat' dir='ltr'>t</span> 
     </span>
     <span class='ocr_line' id='line_1_16' title="bbox 117 2720 862 2803; baseline -0.008 -16"><span class='ocrx_word' id='word_1_81' title='bbox 117 2721 273 2787; x_wconf 87' lang='lat' dir='ltr'>Coruinus</span> <span class='ocrx_word' id='word_1_82' title='bbox 295 2722 325 2783; x_wconf 91' lang='lat' dir='ltr'>in</span> <span class='ocrx_word' id='word_1_83' title='bbox 348 2721 471 2803; x_wconf 84' lang='lat' dir='ltr'>primos</span> <span class='ocrx_word' id='word_1_84' title='bbox 492 2723 625 2784; x_wconf 83' lang='lat' dir='ltr'>volnera</span> <span class='ocrx_word' id='word_1_85' title='bbox 646 2721 733 2783; x_wconf 84' lang='lat' dir='ltr'>ferre</span> <span class='ocrx_word' id='word_1_86' title='bbox 757 2720 862 2792; x_wconf 85' lang='lat' dir='ltr'>viros,</span> 
     </span>
    </p>

    <p class='ocr_par' dir='ltr' id='par_1_11' title="bbox 55 2822 1070 3005">
     <span class='ocr_line' id='line_1_17' title="bbox 55 2822 1070 2906; baseline -0.004 -22"><span class='ocrx_word' id='word_1_87' title='bbox 55 2822 158 2906; x_wconf 78' lang='lat' dir='ltr'>Saepe</span> <span class='ocrx_word' id='word_1_88' title='bbox 180 2823 282 2885; x_wconf 88' lang='lat' dir='ltr'>minus</span> <span class='ocrx_word' id='word_1_89' title='bbox 303 2834 438 2903; x_wconf 86' lang='lat' dir='ltr'>pereunt</span> <span class='ocrx_word' id='word_1_90' title='bbox 461 2834 492 2885; x_wconf 90' lang='lat' dir='ltr'>et</span> <span class='ocrx_word' id='word_1_91' title='bbox 514 2833 643 2883; x_wconf 82' lang='lat' dir='ltr'>servent</span> <span class='ocrx_word' id='word_1_92' title='bbox 664 2842 749 2902; x_wconf 89' lang='lat' dir='ltr'>pone</span> <span class='ocrx_word' id='word_1_93' title='bbox 772 2831 965 2903; x_wconf 76' lang='lat' dir='ltr'>sequentes:</span> <span class='ocrx_word' id='word_1_94' title='bbox 1066 2832 1070 2837; x_wconf 88' lang='grc'><strong>’</strong></span> 
     </span>
     <span class='ocr_line' id='line_1_18' title="bbox 116 2921 930 3005; baseline -0.005 -18"><span class='ocrx_word' id='word_1_95' title='bbox 116 2926 163 2987; x_wconf 89' lang='lat' dir='ltr'>At</span> <span class='ocrx_word' id='word_1_96' title='bbox 185 2923 301 2986; x_wconf 85' lang='lat' dir='ltr'>timidis</span> <span class='ocrx_word' id='word_1_97' title='bbox 324 2923 427 2985; x_wconf 86' lang='lat' dir='ltr'>virtus</span> <span class='ocrx_word' id='word_1_98' title='bbox 448 2922 586 3005; x_wconf 80' lang='lat' dir='ltr'>trudique</span> <span class='ocrx_word' id='word_1_99' title='bbox 607 2921 763 3002; x_wconf 81' lang='lat' dir='ltr'>disperiit.</span> <span class='ocrx_word' id='word_1_100' title='bbox 874 2987 878 2995; x_wconf 64' lang='grc'><em>,</em></span> <span class='ocrx_word' id='word_1_101' title='bbox 927 2922 930 2931; x_wconf 83' lang='grc'>’</span> 
     </span>
    </p>

    <p class='ocr_par' dir='ltr' id='par_1_12' title="bbox 54 3021 960 3109">
     <span class='ocr_line' id='line_1_19' title="bbox 54 3021 960 3109; baseline -0.007 -21"><span class='ocrx_word' id='word_1_102' title='bbox 54 3026 123 3088; x_wconf 89' lang='lat' dir='ltr'>Nec</span> <span class='ocrx_word' id='word_1_103' title='bbox 146 3026 310 3109; x_wconf 82' lang='lat' dir='ltr'>quisquam</span> <span class='ocrx_word' id='word_1_104' title='bbox 333 3025 430 3087; x_wconf 83' lang='lat' dir='ltr'>lando</span> <span class='ocrx_word' id='word_1_105' title='bbox 454 3025 557 3087; x_wconf 79' lang='lat' dir='ltr'>velent</span> <span class='ocrx_word' id='word_1_106' title='bbox 580 3043 780 3095; x_wconf 85' lang='lat' dir='ltr'>memorare,</span> <span class='ocrx_word' id='word_1_107' title='bbox 805 3021 960 3083; x_wconf 81' lang='lat' dir='ltr'>malorum</span> 
     </span>
    </p>

    <p class='ocr_par' dir='ltr' id='par_1_13' title="bbox 72 3124 876 3209">
     <span class='ocr_line' id='line_1_20' title="bbox 72 3124 876 3209; baseline -0.007 -20"><span class='ocrx_word' id='word_1_108' title='bbox 72 3144 80 3153; x_wconf 72' lang='grc'><strong>“</strong></span> <span class='ocrx_word' id='word_1_109' title='bbox 116 3128 306 3209; x_wconf 81' lang='lat' dir='ltr'>Degeneres</span> <span class='ocrx_word' id='word_1_110' title='bbox 328 3125 449 3187; x_wconf 84' lang='lat' dir='ltr'>animos</span> <span class='ocrx_word' id='word_1_111' title='bbox 472 3124 554 3186; x_wconf 81' lang='lat' dir='ltr'>milia</span> <span class='ocrx_word' id='word_1_112' title='bbox 577 3135 693 3208; x_wconf 78' lang='lat' dir='ltr'>quanta</span> <span class='ocrx_word' id='word_1_113' title='bbox 716 3133 876 3204; x_wconf 85' lang='lat' dir='ltr'>premunt.</span> 
     </span>
    </p>

    <p class='ocr_par' dir='ltr' id='par_1_14' title="bbox 54 3218 1044 3406">
     <span class='ocr_line' id='line_1_21' title="bbox 54 3218 1044 3308; baseline -0.002 -20"><span class='ocrx_word' id='word_1_114' title='bbox 54 3229 165 3307; x_wconf 83' lang='lat' dir='ltr'>Turpe</span> <span class='ocrx_word' id='word_1_115' title='bbox 187 3218 301 3289; x_wconf 89' lang='lat' dir='ltr'>etenim</span> <span class='ocrx_word' id='word_1_116' title='bbox 325 3226 451 3306; x_wconf 82' lang='lat' dir='ltr'>trepido</span> <span class='ocrx_word' id='word_1_117' title='bbox 473 3226 646 3308; x_wconf 75' lang='lat' dir='ltr'>fugientem</span> <span class='ocrx_word' id='word_1_118' title='bbox 670 3223 793 3305; x_wconf 79' lang='lat' dir='ltr'>proelia</span> <span class='ocrx_word' id='word_1_119' title='bbox 814 3242 931 3286; x_wconf 58' lang='lat' dir='ltr'>cursu&lt;</span> <span class='ocrx_word' id='word_1_120' title='bbox 1032 3278 1044 3291; x_wconf 68' lang='lat'>„</span> 
     </span>
     <span class='ocr_line' id='line_1_22' title="bbox 115 3325 741 3406; baseline -0.003 -16"><span class='ocrx_word' id='word_1_121' title='bbox 115 3328 244 3390; x_wconf 80' lang='lat' dir='ltr'>imbelli</span> <span class='ocrx_word' id='word_1_122' title='bbox 267 3329 366 3390; x_wconf 84' lang='lat' dir='ltr'>derso</span> <span class='ocrx_word' id='word_1_123' title='bbox 389 3330 522 3390; x_wconf 84' lang='lat' dir='ltr'>volnera</span> <span class='ocrx_word' id='word_1_124' title='bbox 544 3325 741 3406; x_wconf 74' lang='lat' dir='ltr'>susciperet·</span> 
     </span>
    </p>

    <p class='ocr_par' dir='ltr' id='par_1_15' title="bbox 54 3428 953 3611">
     <span class='ocr_line' id='line_1_23' title="bbox 54 3428 953 3509; baseline -0.003 -18"><span class='ocrx_word' id='word_1_125' title='bbox 54 3430 165 3509; x_wconf 85' lang='lat' dir='ltr'>Turpe</span> <span class='ocrx_word' id='word_1_126' title='bbox 188 3438 220 3490; x_wconf 90' lang='lat' dir='ltr'>et</span> <span class='ocrx_word' id='word_1_127' title='bbox 242 3428 396 3509; x_wconf 85' lang='lat' dir='ltr'>pulverea</span> <span class='ocrx_word' id='word_1_128' title='bbox 419 3439 552 3489; x_wconf 84' lang='lat' dir='ltr'>stratum</span> <span class='ocrx_word' id='word_1_129' title='bbox 576 3428 689 3490; x_wconf 88' lang='lat' dir='ltr'>tellure</span> <span class='ocrx_word' id='word_1_130' title='bbox 712 3430 866 3502; x_wconf 81' lang='lat' dir='ltr'>cadaver,</span> <span class='ocrx_word' id='word_1_131' title='bbox 951 3472 953 3475; x_wconf 79' lang='lat'><em>.</em></span> 
     </span>
     <span class='ocr_line' id='line_1_24' title="bbox 115 3514 828 3611; baseline -0.003 -19"><span class='ocrx_word' id='word_1_132' title='bbox 115 3514 217 3593; x_wconf 73' lang='lat' dir='ltr'>Cetius</span> <span class='ocrx_word' id='word_1_133' title='bbox 240 3529 279 3591; x_wconf 84' lang='lat' dir='ltr'>ab</span> <span class='ocrx_word' id='word_1_134' title='bbox 302 3529 411 3591; x_wconf 89' lang='lat' dir='ltr'>hostili</span> <span class='ocrx_word' id='word_1_135' title='bbox 433 3529 564 3608; x_wconf 82' lang='lat' dir='ltr'>cuspide</span> <span class='ocrx_word' id='word_1_136' title='bbox 587 3540 677 3611; x_wconf 81' lang='lat' dir='ltr'>terga</span> <span class='ocrx_word' id='word_1_137' title='bbox 699 3531 828 3592; x_wconf 84' lang='lat' dir='ltr'>rubent.</span> 
     </span>
    </p>

    <p class='ocr_par' dir='ltr' id='par_1_16' title="bbox 52 3629 1041 3915">
     <span class='ocr_line' id='line_1_25' title="bbox 52 3629 934 3712; baseline -0.002 -19"><span class='ocrx_word' id='word_1_138' title='bbox 52 3631 116 3693; x_wconf 85' lang='lat' dir='ltr'>Sed</span> <span class='ocrx_word' id='word_1_139' title='bbox 138 3633 220 3692; x_wconf 89' lang='lat' dir='ltr'>hene</span> <span class='ocrx_word' id='word_1_140' title='bbox 242 3651 437 3712; x_wconf 82' lang='lat' dir='ltr'>progressus</span> <span class='ocrx_word' id='word_1_141' title='bbox 459 3629 547 3691; x_wconf 88' lang='lat' dir='ltr'>miles</span> <span class='ocrx_word' id='word_1_142' title='bbox 570 3632 649 3711; x_wconf 90' lang='lat' dir='ltr'>pede</span> <span class='ocrx_word' id='word_1_143' title='bbox 672 3630 773 3691; x_wconf 79' lang='lat' dir='ltr'>calcet</span> <span class='ocrx_word' id='word_1_144' title='bbox 795 3632 934 3712; x_wconf 75' lang='lat' dir='ltr'>utreque</span> 
     </span>
     <span class='ocr_line' id='line_1_26' title="bbox 115 3729 982 3811; baseline -0.003 -19"><span class='ocrx_word' id='word_1_145' title='bbox 115 3731 279 3794; x_wconf 86' lang='lat' dir='ltr'>Tellurem</span> <span class='ocrx_word' id='word_1_146' title='bbox 302 3744 334 3794; x_wconf 85' lang='lat' dir='ltr'>et</span> <span class='ocrx_word' id='word_1_147' title='bbox 355 3732 478 3793; x_wconf 81' lang='lat' dir='ltr'>labrum</span> <span class='ocrx_word' id='word_1_148' title='bbox 501 3733 595 3794; x_wconf 88' lang='lat' dir='ltr'>dente</span> <span class='ocrx_word' id='word_1_149' title='bbox 617 3741 740 3811; x_wconf 82' lang='lat' dir='ltr'>premat</span> <span class='ocrx_word' id='word_1_150' title='bbox 761 3729 882 3793; x_wconf 82' lang='lat' dir='ltr'>tacito:</span> <span class='ocrx_word' id='word_1_151' title='bbox 978 3782 982 3789; x_wconf 84' lang='lat'><em>.</em></span> 
     </span>
     <span class='ocr_line' id='line_1_27' title="bbox 52 3831 1041 3915; baseline -0.001 -20"><span class='ocrx_word' id='word_1_152' title='bbox 52 3831 137 3895; x_wconf 90' lang='lat' dir='ltr'>Crus</span> <span class='ocrx_word' id='word_1_153' title='bbox 159 3832 304 3915; x_wconf 84' lang='lat' dir='ltr'>latosque</span> <span class='ocrx_word' id='word_1_154' title='bbox 326 3833 477 3895; x_wconf 86' lang='lat' dir='ltr'>humeros</span> <span class='ocrx_word' id='word_1_155' title='bbox 500 3842 532 3894; x_wconf 87' lang='lat' dir='ltr'>et</span> <span class='ocrx_word' id='word_1_156' title='bbox 553 3842 665 3913; x_wconf 88' lang='lat' dir='ltr'>peetus</span> <span class='ocrx_word' id='word_1_157' title='bbox 687 3832 772 3894; x_wconf 85' lang='lat' dir='ltr'>lorte</span> <span class='ocrx_word' id='word_1_158' title='bbox 794 3831 961 3914; x_wconf 78' lang='lat' dir='ltr'>femurque</span> <span class='ocrx_word' id='word_1_159' title='bbox 1037 3862 1041 3871; x_wconf 48' lang='lat'><strong>¹</strong></span> 
     </span>
    </p>

    <p class='ocr_par' dir='ltr' id='par_1_17' title="bbox 49 3922 1054 4217">
     <span class='ocr_line' id='line_1_28' title="bbox 114 3922 812 4013; baseline -0.007 -17"><span class='ocrx_word' id='word_1_160' title='bbox 114 3934 283 3996; x_wconf 86' lang='lat' dir='ltr'>Ventroso</span> <span class='ocrx_word' id='word_1_161' title='bbox 306 3932 428 4013; x_wconf 82' lang='lat' dir='ltr'>clipeus</span> <span class='ocrx_word' id='word_1_162' title='bbox 451 3932 576 4009; x_wconf 80' lang='lat' dir='ltr'>ferreus</span> <span class='ocrx_word' id='word_1_163' title='bbox 599 3922 682 3995; x_wconf 83' lang='lat' dir='ltr'>orbe</span> <span class='ocrx_word' id='word_1_164' title='bbox 705 3942 812 4013; x_wconf 82' lang='lat' dir='ltr'>tegat3</span> 
     </span>
     <span class='ocr_line' id='line_1_29' title="bbox 49 4032 1054 4115; baseline -0.005 -17"><span class='ocrx_word' id='word_1_165' title='bbox 49 4033 195 4099; x_wconf 83' lang='lat' dir='ltr'>Dextera</span> <span class='ocrx_word' id='word_1_166' title='bbox 218 4036 272 4095; x_wconf 86' lang='lat' dir='ltr'>sed</span> <span class='ocrx_word' id='word_1_167' title='bbox 296 4034 432 4095; x_wconf 85' lang='lat' dir='ltr'>validam</span> <span class='ocrx_word' id='word_1_168' title='bbox 455 4054 575 4095; x_wconf 84' lang='lat' dir='ltr'>summa</span> <span class='ocrx_word' id='word_1_169' title='bbox 597 4032 629 4096; x_wconf 85' lang='lat' dir='ltr'>vi</span> <span class='ocrx_word' id='word_1_170' title='bbox 651 4044 801 4115; x_wconf 79' lang='lat' dir='ltr'>torqueat</span> <span class='ocrx_word' id='word_1_171' title='bbox 825 4034 964 4109; x_wconf 75' lang='lat' dir='ltr'>hastam,</span> <span class='ocrx_word' id='word_1_172' title='bbox 1049 4052 1054 4057; x_wconf 87' lang='grc'>’</span> 
     </span>
     <span class='ocr_line' id='line_1_30' title="bbox 89 4135 1010 4217; baseline -0.001 -20"><span class='ocrx_word' id='word_1_173' title='bbox 89 4137 255 4197; x_wconf 69' lang='grc' dir='ltr'>Ῥειιηαιει</span> <span class='ocrx_word' id='word_1_174' title='bbox 280 4136 456 4217; x_wconf 80' lang='lat' dir='ltr'>etgnleam</span> <span class='ocrx_word' id='word_1_175' title='bbox 480 4135 575 4196; x_wconf 83' lang='lat' dir='ltr'>crista</span> <span class='ocrx_word' id='word_1_176' title='bbox 598 4135 823 4215; x_wconf 73' lang='lat' dir='ltr'>supervolitet.</span> <span class='ocrx_word' id='word_1_177' title='bbox 1007 4142 1010 4145; x_wconf 83' lang='lat'>&#39;</span> 
     </span>
    </p>
   </div>
   <div class='ocr_carea' id='block_1_5' title="bbox 47 4236 942 4400">
    <p class='ocr_par' dir='ltr' id='par_1_18' title="bbox 47 4236 942 4400">
     <span class='ocr_line' id='line_1_31' title="bbox 47 4236 849 4318; baseline -0.007 -15"><span class='ocrx_word' id='word_1_178' title='bbox 47 4236 174 4303; x_wconf 88' lang='lat' dir='ltr'>Discite</span> <span class='ocrx_word' id='word_1_179' title='bbox 198 4236 386 4318; x_wconf 80' lang='lat' dir='ltr'>belligerant</span> <span class='ocrx_word' id='word_1_180' title='bbox 409 4236 558 4302; x_wconf 81' lang='lat' dir='ltr'>faciendo</span> <span class='ocrx_word' id='word_1_181' title='bbox 580 4236 849 4312; x_wconf 80' lang='lat' dir='ltr'>sortiter&#39;artem,</span> 
     </span>
     <span class='ocr_line' id='line_1_32' title="bbox 97 4336 942 4400; baseline -0.011 -19"><span class='ocrx_word' id='word_1_182' title='bbox 97 4339 188 4392; x_wconf 67' lang='lat' dir='ltr'>Eetogu</span> <span class='ocrx_word' id='word_1_183' title='bbox 203 4336 259 4378; x_wconf 70' lang='lat' dir='ltr'>Puer</span> <span class='ocrx_word' id='word_1_184' title='bbox 274 4337 318 4377; x_wconf 79' lang='lat' dir='ltr'>Lat.</span> <span class='ocrx_word' id='word_1_185' title='bbox 901 4336 942 4400; x_wconf 69' lang='lat'>22</span> 
     </span>
    </p>
   </div>
   <div class='ocr_carea' id='block_1_6' title="bbox 0 0 1386 4762">
    <p class='ocr_par' dir='ltr' id='par_1_19' title="bbox 0 0 1386 4762">
     <span class='ocr_line' id='line_1_33' title="bbox 0 0 1386 4762; baseline 0 3"><span class='ocrx_word' id='word_1_186' title='bbox 0 0 1386 4762; x_wconf 95' lang='lat' dir='ltr'> </span> 
     </span>
    </p>
   </div>
  </div>
 </body>
</html>
