2750 4744
186 160 249 224 190
349 159 356 163 “

250 321 308 384 llle
330 319 402 383 luit.
446 317 549 381 Matri
570 316 718 399 proxima
742 316 825 380 iusta
845 319 915 382 tuli.

186 422 312 487 Felices
335 422 429 485 ambo
451 418 707 502 tempestiveque
729 420 893 502 sepultos,

249 526 336 588 Ante
359 523 440 586 diem
463 543 586 604 poenae
609 523 697 605 quod
718 521 846 602 periere
868 530 971 587 meae!

187 628 246 699 Me
269 646 398 710 qnoque
420 623 564 701 felicem,
590 621 679 707 quod
700 643 764 686 non
788 623 969 689 viventibus
991 628 1052 691 illis

251 729 327 790 Sum
350 727 497 790 miseret
519 727 557 787 de
579 746 628 787 me
651 727 738 808 qnod
760 725 892 789 doluere
914 727 1007 790 nihil!

185 828 220 892 Si
241 840 346 892 tamen
369 827 533 890 exstinctis
555 825 672 914 aliquid
694 825 754 889 nisi
775 827 904 891 nomina
926 840 1026 893 restat
1276 835 1314 896 85

248 932 293 995 Et
315 929 443 1011 gracilis
459 939 607 992 structos
630 926 744 1011 effugit
766 932 879 992 umbra
901 941 1021 1015 rogos3

184 1034 304 1108 Fama,
326 1031 521 1114 parentales,
547 1030 574 1092 si
598 1050 656 1093 vos
679 1050 747 1092 mea
769 1032 926 1116 contigit,
950 1035 1101 1111 umbrae,

247 1137 291 1198 Et
312 1145 385 1197 sunt
406 1132 439 1195 in
461 1132 580 1215 Stygio
602 1130 733 1193 crimina
756 1145 866 1196 nostra
888 1133 982 1211 loro,

185 1236 294 1313 Scite,
316 1256 453 1318 precor,
478 1254 603 1295 causam
626 1234 698 1311 (uec
722 1253 782 1296 vos
805 1233 881 1297 mibi
903 1237 1017 1300 fallere
1038 1238 1087 1300 ias
1109 1244 1194 1320 est,)

248 1339 407 1400 Errorem
428 1335 550 1408 iussae,
575 1355 640 1396 non
661 1334 783 1410 scelus,
807 1357 875 1399 esse
897 1338 1008 1422 fugae.
1275 1346 1334 1409 00,

185 1441 339 1504 Manibus
362 1438 393 1500 id
415 1435 491 1499 satis
513 1446 574 1499 est.
618 1437 672 1499 Ad
694 1455 754 1498 vos
777 1438 918 1501 studiosa
940 1449 1092 1505 revertor

247 1543 405 1615 Pectora,
429 1537 484 1622 qui
506 1536 589 1600 vitae
613 1535 764 1619 quaeritis
786 1548 856 1600 acta
879 1559 979 1602 meae.

183 1643 250 1705 lam
273 1641 347 1704 mibi
370 1639 498 1702 canities
519 1637 620 1720 pulsis
642 1637 827 1702 melioribus
849 1641 937 1705 annis

247 1745 411 1817 Venerat,
435 1739 581 1822 antiquas
604 1738 836 1824 miscueratque
858 1762 983 1806 coenas:

183 1847 329 1928 Postque
352 1863 439 1906 meos
462 1853 552 1904 ortus
575 1840 690 1905 Pisaea
711 1840 836 1905 vinctus
860 1843 946 1907 oliva

246 1946 436 2009 Abstulerat
458 1942 563 2006 decies
585 1942 725 2025 praemia
748 1942 854 2006 victor
875 1965 993 2028 equus:

183 2048 289 2128 Quom
314 2046 406 2109 maris
429 2043 549 2109 Euxini
570 2044 695 2125 positos
718 2045 759 2105 ad
779 2044 869 2107 laeva
893 2045 1040 2111 Tomitas

246 2148 411 2228 Quaerere
435 2166 483 2207 me
504 2146 583 2207 laesi
604 2134 766 2226 Principis
789 2144 836 2208 ira
858 2146 959 2210 iubet.

184 2247 290 2313 Causa
313 2268 401 2311 meae
424 2245 546 2309 cunetis
569 2246 698 2308 nimium
722 2267 852 2328 quoque
875 2260 952 2311 nota
974 2251 1085 2315 ruinae

245 2347 368 2412 Indicio
391 2369 455 2410 uon
478 2357 526 2410 est
548 2346 744 2409 testificanda
766 2368 850 2411 meo.
1252 2361 1315 2423 100

183 2450 268 2531 Quid
290 2449 428 2512 reseram
451 2447 670 2531 comitumque
693 2448 783 2511 nefas
804 2449 1006 2535 santulosque
1029 2459 1211 2522 nocentes?

244 2551 322 2632 Ipsa
345 2551 439 2612 multa
463 2548 520 2610 tuli
543 2570 607 2611 non
630 2549 753 2613 leviora
774 2549 867 2633 fuga.
1003 2564 1005 2567 '

183 2650 350 2735 Indignata
373 2651 461 2713 malis
483 2671 570 2712 mens
593 2661 640 2712 est
663 2653 870 2716 succumbere
893 2675 993 2738 seque

243 2751 410 2816 Praestitit
430 2751 580 2813 invictam
602 2751 726 2815 viribus
748 2774 806 2815 usa
827 2753 905 2817 suis.

181 2853 372 2938 Oblitusque
394 2865 491 2936 togae
513 2855 688 2936 dirutaeque
710 2875 770 2935 per
792 2856 858 2919 otia
882 2857 986 2934 vitae,

241 2955 376 3019 Insolita
400 2955 470 3036 cepi
490 2955 643 3035 temporis
667 2977 752 3018 arma
776 2979 894 3033 mann;

180 3060 311 3141 Totque
333 3056 392 3119 tuli
414 3068 499 3119 terra
522 3076 613 3118 casus
635 3058 836 3141 pelagoque,
862 3073 942 3143 quot
964 3063 1047 3127 inter

244 3159 413 3224 Occultum
436 3158 544 3220 stellae
568 3157 840 3242 conspicuumque
862 3164 984 3243 polum.

83 3286 87 3295 ¹
180 3262 283 3322 Tacta
307 3258 383 3319 mihi
405 3261 528 3321 tandem
551 3259 656 3342 longis
680 3260 845 3324 erroribus
868 3275 940 3329 acto

243 3361 357 3421 Iuncta
378 3360 567 3439 pharetratis
590 3360 739 3422 Sarmatis
763 3381 822 3424 ora
845 3365 949 3429 Getis.
1249 3382 1315 3441 110

178 3459 243 3523 Hic
266 3480 348 3543 ego,
372 3459 511 3522 finitimis
534 3460 677 3543 quamvis
701 3461 919 3529 circumsoner
941 3472 1054 3549 armis,
1239 3460 1244 3467 ⁵

241 3561 377 3638 Tristia,
402 3583 468 3645 quo
490 3583 641 3643 possum,
668 3564 806 3627 carmine
827 3568 892 3632 fata
915 3571 1003 3636 lero.

246 3775 289 3824 80.
309 3776 380 3821 buslo
402 3779 477 3824 Godd.
497 3780 565 3825 iustu
584 3783 667 3828 Gulae,
688 3784 771 3830 Heius.
794 3789 859 3831 coni.
878 3789 998 3844 Perpetua
1017 3792 1075 3837 baec
1094 3795 1215 3842 conlusio.
1241 3803 1310 3846 Stat.

176 3851 235 3893 Silv.
257 3845 281 3900 3,
303 3843 328 3900 2,
350 3844 407 3891 142.
457 3848 503 3892 Ast
520 3862 584 3909 ego,
605 3851 737 3909 (narrabo)
756 3853 860 3900 devietis
879 3856 991 3903 dederim
1009 3874 1071 3918 quae
1085 3861 1158 3908 busta
1170 3864 1312 3930 Pelasgis.

174 3918 264 3962 ibidem
278 3915 362 3960 Heius.
380 3917 507 3964 ctMarkl.
530 3920 625 3963 emend.
639 3921 717 3965 iustu.
756 3921 798 3971 81.
819 3925 906 3970 umbos
925 3927 985 3976 (lod.
1007 3930 1030 3972 1.
1062 3930 1098 3974 lb.
1114 3935 1245 3990 sepultos.
1263 3940 1311 3983 Ed.

175 3987 248 4029 Eton.
279 3984 362 4028 Burin.
390 3987 453 4028 coni.
480 3985 573 4040 sepulti
597 3988 679 4041 vulgo.
747 3989 871 4051 taqua
895 3995 970 4040 Codd.
993 3999 1110 4056 plenique.
1168 4000 1211 4048 95.
1235 4021 1264 4056 a.
1287 4023 1312 4052 u.

178 4050 236 4096 762.
257 4050 336 4094 Ovidii
355 4052 396 4095 Ll.
417 4057 441 4094 et
457 4051 511 4095 Lu.
532 4065 604 4098 anno.
624 4066 647 4096 r.
667 4057 775 4101 Messon.
795 4072 819 4114 p.
841 4059 883 4106 92.
940 4063 981 4109 96.
1008 4066 1097 4126 equus]
1115 4069 1194 4116 Berrtl.
1216 4074 1312 4125 Burm.

175 4119 239 4193 conl.
259 4131 333 4174 eques
351 4118 426 4161 Codd.
486 4113 648 4192 ¹⁰52‘0300l
668 4122 728 4165 Cod.
747 4126 840 4173 Ricbel.
860 4134 922 4186 quod
937 4133 1026 4178 Burin.
1052 4139 1153 4193 recepit,
1173 4142 1229 4186 mei
1250 4148 1314 4190 reli.

177 4184 312 4240 quotld.
367 4181 426 4227 106.
446 4188 498 4224 turn
512 4194 587 4237 praua
606 4186 668 4231 Scal.
726 4189 783 4236 112.
804 4198 932 4252 quacod,
955 4200 978 4245 1,
