2762 4760
21 369 197 436 Foliioulos
220 381 253 432 ut
273 390 356 431 nune
374 367 503 433 tereteis
527 375 643 430 aestate
665 364 793 428 cicadae

20 472 183 557 Linquuut
203 483 318 553 sponte
338 492 394 534 sua
416 467 535 532 victum
560 467 720 553 vitamque
742 476 900 548 petentes.

79 578 161 637 Tum
182 573 241 637 tibi
261 584 347 637 terra
371 571 458 636 dedit
474 570 613 654 primum
637 568 783 634 mortalia
803 567 908 631 secla:

20 676 137 738 Multus
157 674 239 739 euim
263 674 354 738 calor
376 684 471 758 atque
490 675 607 737 humor
629 673 798 753 superabat
819 670 853 732 in
875 667 976 735 arvis.

20 780 108 852 Hoc,
131 777 188 840 ubi
210 798 354 862 quaeque
377 773 443 839 loci
461 773 557 858 regio
580 785 764 856 opportuna
788 775 941 847 dabatur,

21 880 215 944 crescebant
234 877 335 941 uterei
356 888 462 942 terrae
483 866 646 939 radicibus
670 873 776 958 aptei:

22 983 106 1061 Quos
127 980 184 1043 ubi
203 991 349 1061 tempore
373 990 498 1043 maturo
518 978 714 1069 patefecerat
734 987 818 1040 aetas

21 1084 174 1145 Infantem
193 1081 322 1167 fugiens
342 1083 508 1146 humorem
531 1103 686 1166 aurasque
708 1079 880 1163 petisseus,

22 1185 244 1249 Conveniebat
268 1182 316 1246 ibi
335 1185 458 1246 Natura
481 1182 638 1246 foramina
657 1195 764 1248 terrae

22 1288 61 1348 Et
79 1308 188 1354 sucum
212 1285 301 1348 venis
323 1287 462 1369 cogebat
481 1285 613 1348 fundere
636 1285 756 1367 apertis

22 1387 225 1453 Consimiiem
246 1374 361 1449 lactis:
390 1386 472 1450 sieut
493 1409 576 1450 nunc
597 1386 714 1450 femina
737 1409 899 1473 quaeque,

23 1491 123 1570 Quom
146 1489 291 1573 peperit,
315 1488 400 1551 dulei
422 1489 565 1571 repletur
583 1491 681 1566 lacte,
705 1493 793 1575 quod
814 1489 917 1554 omnis

21 1593 158 1674 impetus
178 1592 212 1654 iu
235 1612 386 1653 mammas
408 1591 615 1655 convortitur
634 1592 688 1655 ille
712 1591 864 1656 alimenti.

22 1697 121 1757 'ferra
144 1695 251 1758 eibum
275 1693 402 1775 pueris,
425 1706 545 1757 vestem
568 1716 690 1776 vapor,
713 1697 814 1759 herba
836 1693 940 1757 cubile

21 1797 198 1860 Praebebat
221 1799 316 1860 multa
338 1810 370 1861 et
392 1797 482 1863 molli
503 1797 654 1882 lanugine
677 1800 852 1860 abundans.

81 1900 125 1963 At
145 1900 274 1964 novitas
292 1901 400 1964 rnundi
419 1923 477 1963 nee
496 1899 624 1985 frigora
649 1903 726 1962 dura
745 1900 849 1963 ciebat

22 2003 88 2063 Nec
106 2000 223 2067 nimios
247 2013 350 2065 aestus
372 2025 431 2066 nee
455 2002 577 2086 magnis
601 2002 725 2064 viribus
746 2025 857 2065 auras:

22 2103 133 2166 Omnia
157 2104 240 2166 enim
260 2104 385 2186 pariter
408 2115 556 2168 crescunt
579 2115 610 2167 et
630 2107 753 2168 robora
777 2115 915 2169 sumunt.

81 2206 189 2285 Quare
211 2205 304 2268 etiam
325 2217 420 2291 atque
442 2206 536 2269 etiam
560 2217 732 2268 maternum
756 2229 871 2270 nomeu
895 2210 1009 2290 adepta

23 2310 119 2369 Terra
140 2319 227 2372 tenet
249 2308 379 2384 merito,
402 2306 676 2393 quoniam'genus
697 2308 766 2390 ipsa
788 2309 909 2372 creavit
1074 2310 1137 2372 890

23 2410 199 2472 Humanum
222 2423 316 2496 atque
339 2410 479 2473 animans
500 2431 605 2492 prope
628 2421 718 2474 certo
740 2421 887 2492 tempore
908 2411 990 2475 fudit

23 2511 138 2588 Omne,
163 2516 254 2598 quod
274 2513 307 2575 in
333 2512 457 2597 magnis
477 2514 654 2575 bacchatur
677 2512 830 2577 montibu'
853 2514 986 2596 passim,

20 2613 200 2699 Ae'riasque
220 2615 313 2677 simul
336 2614 498 2679 volucreis
521 2615 711 2677 variantibu’
734 2615 861 2679 formis.

20 2719 79 2778 Sed
98 2718 173 2802 quia
194 2717 288 2780 finem
313 2716 449 2801 aliquam
464 2715 621 2799 'pariundi
645 2720 738 2780 debet
759 2720 896 2794 habere,

20 2913 40 2943 v.
60 2904 109 2943 tum
126 2901 225 2943 demum
244 2901 323 2961 locum
339 2900 454 2959 baberet,
473 2900 513 2945 ubi
533 2902 562 2946 de
574 2914 647 2946 sensu
658 2901 738 2959 alique
750 2902 854 2946 humano
866 2914 947 2963 serron
960 2907 1034 2948 esset.
1058 2903 1138 2947 Credo

19 2974 94 3012 ortum
112 2970 160 3013 boc
180 2983 234 3013 esse
253 2970 277 3014 in
296 2984 342 3013 uuo
361 2971 404 3014 iilo
425 2971 497 3014 Wak.
518 2970 579 3014 Cod.
599 2985 612 3015 c
631 2976 759 3027 praecepto
775 2973 935 3030 negligentius
948 2985 971 3016 v.
985 2978 1073 3016 coorta
1085 2985 1139 3017 rer-1·

20 3040 84 3081 siculi
104 3052 176 3096 seq.,
198 3040 258 3084 unde
278 3040 410 3084 dormitans
429 3040 543 3084 librarius
561 3040 598 3084 hic
616 3040 725 3086 intulerit
742 3040 837 3094 cordu,·
854 3042 924 3085 ecclc
943 3039 1039 3084 firmant
1056 3042 1085 3084 C.
1106 3040 1136 3084 E.

20 3106 74 3153 790.
94 3114 186 3152 creata
203 3108 265 3156 Edd.
280 3114 338 3152 vett.
349 3109 394 3152 Αν.
408 3110 437 3153 P.
477 3107 535 3154 798.
556 3108 641 3154 adulto
663 3109 692 3154 L.
713 3111 743 3155 H.
769 3111 842 3167 Iunge
864 3111 963 3153 truciora
986 3108 1088 3163 adicito,
1115 3110 1138 3152 iu

19 3180 187 3222 maiusancta.
221 3177 391 3223 Ceterumrfr.
406 3180 565 3234 Pomponium
579 3178 709 3233 Melami,
725 3177 755 3234 9,
770 3176 794 3222 3.
819 3176 895 3224 Nilus
914 3176 978 3222 adeo
996 3177 1140 3240 efficacibus

19 3248 87 3306 cquis
112 3246 149 3292 (td
173 3247 348 3306 generandum
366 3247 531 3308 alendumque
550 3253 577 3292 ut
595 3275 604 3284 -
623 3274 632 3284 -
650 3248 733 3308 glebis
754 3249 829 3292 etiem
849 3244 968 3307 infundat
985 3248 1085 3291 animae
1105 3262 1139 3291 ex

19 3317 119 3376 ipseque
145 3315 223 3361 butrio
249 3317 337 3361 vitalio
362 3316 475 3380 effiagut.
511 3316 565 3362 Hoc
589 3331 617 3362 eo
636 3314 798 3375 manifestum
817 3323 872 3371 eet,
901 3315 966 3378 quod
984 3317 1026 3362 ubi
1043 3315 1140 3362 sedavit

18 3385 109 3430 dilucio
129 3401 161 3430 uc
175 3400 203 3431 ee
222 3386 272 3430 eibi
289 3385 413 3442 reddidit,
431 3401 478 3444 per
492 3384 623 3431 humentes
638 3400 740 3446 cumpca
758 3386 880 3448 quaedem
898 3386 1008 3432 nondum
1022 3383 1139 3446 per-secta

19 3456 155 3511 unianclie,
186 3454 232 3500 aed
256 3462 308 3500 turn
322 3457 434 3513 primum
452 3458 605 3515 acceptentur
623 3458 742 3515 spiritum
760 3464 783 3501 et
801 3472 834 3501 ex
850 3463 924 3515 parte
943 3458 994 3500 iam
1006 3453 1139 3516 formato,

18 3539 49 3567 eac
65 3531 140 3582 purte
160 3524 244 3570 adhuc
261 3531 347 3569 terrea
364 3527 489 3571 nituntur.
545 3524 604 3572 805.
632 3525 678 3570 doc
696 3527 713 3572 i.
734 3542 757 3573 e.
778 3529 846 3581 ideo,
867 3532 1010 3583 propterea3
1030 3542 1078 3571 non
1096 3524 1141 3570 froc

17 3594 100 3649 inodo,
115 3601 142 3640 ut
154 3601 223 3640 ratus
236 3600 274 3641 est
284 3597 328 3640 W.
346 3620 379 3629 —
397 3594 455 3640 bine
470 3596 614 3642 Av.-Hav.
632 3621 665 3630 —
678 3594 719 3640 tte
731 3599 784 3640 adv.
798 3598 877 3640 Bentl.
915 3597 952 3640 lb.
968 3595 1141 3656 (ubiquumque

18 3666 56 3712 W.
68 3665 146 3720 coni.)
185 3662 245 3711 806.
266 3670 349 3709 terrae
368 3680 424 3710 casu
437 3667 523 3719 tertio,
538 3665 683 3720 radicibus,
698 3672 783 3721 sext03
803 3667 835 3710 ita
854 3670 918 3710 certe
935 3667 1013 3710 iocum
1025 3666 1143 3711 intellexit

18 3734 170 3779 Censorinus
184 3735 213 3779 C.
230 3732 254 3782 i.
273 3733 400 3794 Epicurus
422 3764 431 3773 -
450 3761 459 3772 ·
479 3734 588 3780 credidit
605 3736 666 3779 limo
684 3732 807 3793 calefacto
827 3740 910 3779 uteros
928 3735 1014 3780 nescio
1026 3750 1087 3796 quoe
1100 3750 1142 3779 ru-

17 3801 116 3849 dieibua
141 3811 228 3849 terroe
253 3802 415 3849 cohaerentes
429 3806 543 3862 primum
562 3805 711 3849 increvisse.
738 3801 809 3848 terrei
826 3819 856 3849 ex
875 3819 922 3850 uno
941 3806 1022 3851 codice
1040 3805 1077 3855 st.
1097 3806 1140 3849 W.

17 3873 108 3919 Eiebst.
160 3871 220 3919 309.
241 3874 297 3918 ibus
315 3875 345 3919 1..
392 3872 452 3919 821.
472 3875 571 3918 animal
590 3875 681 3919 eim-il.
732 3871 791 3918 823.
812 3873 944 3935 uei-imque
964 3875 1141 3920 Cd.1neusC.

17 3942 138 3987 Ar.-Hav.
166 3943 253 3986 ‹re'rine
278 3945 369 3988 omisso
390 3959 436 4002 que
455 3942 523 3987 Bria.
545 3946 607 4000 quod
627 3943 720 3988 erroris
739 3946 857 4003 originem
875 3945 978 4002 detegit:
999 3959 1053 3987 naua
1071 3957 1143 4000 quum

18 4015 90 4057 semei
109 4015 134 4058 iu
155 4014 216 4057 Cod.
238 4015 318 4071 aliquo
336 4009 493 4082 α’ρχετῦπῳ
513 4015 544 4056 ita
563 4018 668 4058 erratum
693 4020 771 4069 esset,
802 4015 896 4058 librarii
913 4019 992 4058 ruetro
1011 4013 1143 4057 consulturi
1165 4029 1171 4039 ·

18 4086 106 4127 terrere
127 4084 278 4136 scripserunt
296 4083 445 4142 adriaeque,
472 4087 497 4126 ut
517 4083 605 4127 habent
623 4083 699 4127 Codd.
720 4098 772 4129 sex.
792 4085 874 4139 (etiam
893 4080 937 4140 E.)
966 4083 1062 4125 illerum
1082 4080 1143 4124 bunc

19 4152 190 4195 soloecismum
207 4159 353 4208 receperunt
366 4155 477 4209 Atreius,
497 4153 673 4208 professionem
692 4166 760 4198 suam
777 4153 822 4197 boc
841 4158 905 4197 certe
925 4153 978 4195 loco
997 4148 1141 4203 conficiens,

19 4221 128 4265 etWair.
145 4223 288 4282 elegantiam
307 4222 417 4266 lectionis
435 4224 578 4268 admiratus.
598 4223 710 4280 „Poe'ta‚
730 4223 820 4280 inquit,
841 4220 1044 4267 constructionem
1058 4219 1145 4263 immu·
1214 4228 1218 4234 “

19 4293 92 4334 tetam
111 4292 203 4347 voluit,
224 4296 250 4336 ut
267 4293 324 4336 alibi
344 4293 511 4349 saepissime.”
