2762 4760
240 208 280 273 16

237 364 374 433 Aeoliae
395 373 553 430 terrarum
574 381 649 428 oras
672 381 691 425 a
710 357 827 425 linibus
849 357 930 424 eius.

237 469 303 536 Hic
323 479 371 533 est
391 477 482 532 vasta
503 463 688 548 Charybdis
708 474 740 528 et
757 461 812 526 hic
832 463 975 526 Aetnaea
998 461 1154 527 minantur

238 575 409 639 Murmura
428 560 626 635 flammarum
647 587 773 630 rursum
796 585 830 628 se
852 563 1010 649 colligere
1030 563 1114 640 iras,

236 674 399 743 Faucibus
420 682 552 755 eruptos
571 670 685 734 iterum
704 666 754 731 vis
775 677 810 730 nt
831 677 942 732 vomat
963 666 1085 752 igneis,

236 782 293 847 Aa
311 777 495 862 caelumque
512 770 597 839 ferat
614 772 753 836 Ηιιιιιιιιιιῖ
773 768 903 855 fulgura
922 791 1069 846 rursnm;

237 883 329 964 Quae
347 901 445 966 quom
467 897 580 963 magna
601 873 706 940 modis
727 869 833 936 multis
855 870 999 936 robanda
1024 870 1151 938 videtur

231 983 395 1051 Gentibus
416 980 559 1046 humanis
580 977 675 1063 regio
696 974 891 1060 visendaque
912 973 1020 1039 fertur

236 1089 347 1154 Rebus
369 1083 477 1170 opima
496 1080 605 1158 bonis,
628 1080 726 1143 multa
746 1075 864 1142 munita
883 1074 989 1141 virtlm
1010 1075 1062 1143 vie

235 1190 293 1255 Nil
313 1199 417 1253 tamon
437 1188 503 1252 hoc
526 1181 675 1248 babuisse
696 1180 771 1246 viro
790 1177 988 1264 praeclarius
1004 1179 1038 1245 in
1059 1202 1094 1246 se

234 1295 307 1358 Nec
328 1299 470 1355 sanctum
491 1285 592 1373 magis
612 1294 645 1350 et
663 1282 779 1347 niirnm
801 1302 974 1369 carumque
996 1281 1136 1348 videtur.

234 1392 388 1461 Carmina
407 1390 484 1479 quin
508 1389 603 1456 etiam
624 1385 725 1452 divini
745 1383 889 1470 pectoris
910 1384 977 1451 eius

232 1490 468 1562 vociferantur
484 1502 517 1557 et
537 1499 702 1574 exponunt
723 1487 890 1572 praeclara
911 1498 1058 1571 reperta;

233 1600 280 1666 Ut
301 1597 359 1661 vix
379 1599 515 1660 humana
535 1591 682 1658 videatur
702 1591 803 1674 stirpe
829 1602 967 1655 creatus.

232 1698 301 1767 Hic
321 1710 426 1764 tamen
447 1709 497 1775 et,
520 1717 618 1779 snpra
638 1714 722 1781 quos
744 1691 899 1770 diximus,
920 1691 1092 1759 inferiores

233 1801 386 1870 Partibus
405 1797 537 1887 egregie
556 1796 662 1862 multis
683 1796 848 1881 multoque
864 1794 1020 1873 minores,

233 1907 434 1990 Quamquam
454 1901 551 1965 multa
573 1903 654 1965 bene
677 1919 716 1963 ac
735 1895 886 1962 divinitus
906 1897 1103 1964 invenientes

233 2011 288 2073 Ex
308 2010 407 2088 adyto
427 2016 586 2090 tamquam
609 2000 718 2068 cordis
737 2020 895 2083 responsa
916 2003 1033 2067 dedere

233 2108 381 2175 Sanctius
401 2118 434 2173 et
453 2106 553 2172 multo
576 2114 664 2169 certa
684 2101 810 2168 ratione
833 2101 951 2189 magis,
974 2126 1070 2190 quam

232 2210 352 2293 Pythia
374 2230 455 2296 quae
475 2205 604 2292 tripode
625 2227 667 2270 ex
684 2204 814 2271 Phoebi
835 2204 991 2292 lauroque
1013 2207 1184 2292 profatur,
1286 2206 1336 2277 'tlt

233 2310 409 2398 Principiis
429 2322 533 2376 tameo
553 2308 587 2373 in
609 2329 716 2373 rerum
734 2307 843 2372 fecere
864 2306 972 2372 ruinas

233 2416 278 2480 Et
297 2413 442 2500 graviter
464 2411 570 2498 magni
593 2430 708 2495 magno
731 2408 878 2475 cecidere
895 2409 942 2475 ibi
960 2433 1055 2479 casu:

232 2515 394 2593 Primum,
416 2517 504 2603 quod
522 2522 644 2590 motus,
665 2519 815 2596 exempto
838 2515 933 2578 rebus
955 2513 1059 2594 inani,

285 2761 299 2811 7
303 2762 345 2810 22.
364 2763 400 2809 lta
413 2760 765 2822 tt.W.1t.eCoo.1.agt.2.a
776 2776 826 2810 sae.
840 2776 874 2808 ιιι.
887 2786 919 2799 -
931 2761 1154 2814 HesiinsCodd.i.
1162 2766 1251 2824 (stiam
1259 2770 1304 2828 G.)
1313 2794 1332 2805 -

231 2834 321 2881 italice
330 2839 456 2879 terrerum
462 2832 556 2891 Reliqui
562 2831 602 2889 (G.
609 2831 652 2887 Ε.)
658 2832 719 2882 Edd.
728 2837 785 2879 vett.
797 2851 833 2866 -
842 2831 933 2878 Italics
939 2835 1055 2884 tsrreib.
1064 2859 1098 2872 ·-
1109 2835 1228 2884 Aeoliam
1235 2840 1315 2898 Linea

232 2906 292 2950 dixit
303 2904 372 2962 virg.
380 2902 441 2950 Aen.
449 2900 480 2958 8,
493 2899 552 2947 416.
565 2901 611 2946 eir.
621 2901 685 2947 Ptin.
694 2899 724 2958 3,
740 2899 782 2951 14.
819 2899 943 2959 [Ceteram
957 2905 1083 2950 admodum
1094 2907 1211 2953 notabilis
1227 2916 1268 2955 est
1278 2912 1334 2955 leco·

232 2974 300 3019 Gott.
307 2969 470 3031 anfractibus
478 2971 550 3032 longi
559 2970 657 3015 Ionium
666 2970 694 3027 (i.
702 2985 726 3017 e.
733 2968 892 3031 emsrnctidu’
899 2973 974 3033 longe
982 2973 1089 3030 Ionium)
1098 2976 1136 3036 gt.
1144 2980 1271 3038 aspergit
1280 2982 1333 3023 eun

231 3044 263 3087 nb
287 3041 379 3096 ιιιιᾱὶις
406 3043 473 3086 cuius
492 3041 546 3085 leet.
566 3041 712 3085 constructio
735 3040 793 3086 baec
814 3046 891 3087 esset:
920 3043 1047 3097 „Siciliam
1071 3047 1164 3104 magnis
1186 3048 1316 3093 amfractit

231 3111 416 3158 circumfluitaos
431 3110 525 3155 lonium
542 3110 608 3154 virus
626 3107 674 3167 (ε
693 3111 804 3168 salsugo,
824 3124 907 3165 marc,
927 3111 1027 3157 subiecti
1046 3113 1112 3168 loco)
1133 3116 1205 3175 longe
1225 3118 1331 3175 (usques

231 3183 360 3241 longinquo
377 3177 484 3238 fluitans)
500 3179 531 3223 ab
552 3180 620 3223 nodis
638 3179 728 3238 glaucis
743 3180 849 3237 aspergit
868 3179 933 3237 (eom
949 3182 1033 3227 eodem
1050 3181 1160 3237 obiecto,
1191 3189 1259 3243 quod
1278 3186 1332 3230 hsta

230 3265 254 3299 v.
272 3250 473 3312 circumfinitam
491 3250 543 3294 scil.
561 3246 690 3303 Siciliam.)
714 3247 770 3307 (pro
787 3249 857 3292 etrus
875 3250 936 3293 male
952 3250 996 3295 ct.
1013 3251 1042 3295 C.
1061 3252 1144 3306 litus.)
1180 3254 1219 3298 Ad
1242 3268 1266 3299 v.
1288 3252 1332 3300 771.

230 3325 287 3363 nota
302 3319 405 3363 similem
422 3320 528 3363 colorem
545 3317 634 3363 habere
651 3329 748 3362 versum
765 3317 880 3375 incogniti
893 3321 991 3373 poene,
1013 3319 1099 3375 Ennii,
1119 3326 1194 3377 puto,
1215 3325 1282 3379 apud
1295 3325 1334 3367 Cit-

231 3390 260 3432 de
276 3388 306 3433 N.
321 3389 351 3431 D.
367 3384 397 3441 3,
414 3382 436 3442 §.
451 3383 494 3430 24.
512 3383 639 3444 Europam
657 3384 811 3445 Libramque
825 3399 909 3443 rapax
922 3387 964 3432 tabi
972 3387 1063 3449 dividit
1074 3389 1150 3435 undu.
1188 3392 1333 3437 Constructia

231 3461 310 3502 autern
329 3457 387 3501 haee
407 3460 457 3500 est:
477 3467 562 3508 „mare
580 3455 648 3499 undis
666 3455 749 3499 dividit
763 3469 777 3498 a
795 3453 882 3501 linibus
891 3457 987 3502 Siciliae
1004 3472 1061 3503 oras
1079 3464 1201 3505 terrarum
1216 3459 1335 3507 Aeoliae.n
1353 3486 1354 3513 ι

231 3549 264 3560 -
281 3526 379 3583 „Quum
394 3523 542 3579 temporibus
558 3524 661 3580 antiquis
681 3528 731 3567 tota
748 3524 817 3583 regio
831 3526 915 3571 Aeolia
929 3528 1036 3582 audiret,
1055 3526 1120 3572 terri
1137 3529 1201 3574 freto
1218 3526 1333 3586 pereunti,
1353 3518 1354 3569 l

230 3596 336 3650 partibus
353 3594 448 3638 Siciliae
468 3593 567 3638 divulsis
591 3593 614 3637 id
638 3605 723 3637 nemen
749 3594 898 3648 potissimum
916 3596 1107 3642 inhaerescebat.
1144 3598 1181 3642 lbi
1198 3600 1336 3644 Vuteaairt

229 3665 360 3720 Cyclopum
374 3665 471 3718 domus,
491 3666 558 3707 antra
577 3662 670 3708 scilicet
680 3661 782 3717 Aeolia,
808 3665 966 3718 scriptoribus
984 3668 1109 3722 permultis
1122 3669 1263 3713 decantata.
1284 3670 1335 3712 Reae
1351 3664 1352 3669 ’

168 3794 170 3798 Ι
228 3739 308 3777 autern
324 3734 468 3791 colliguntur
487 3743 515 3777 ex
532 3732 640 3787 scholio,
660 3732 722 3790 quod
736 3745 765 3776 ax
780 3732 848 3777 tibris
866 3734 917 3778 sois
935 3736 1041 3780 nonnulli
1059 3738 1252 3792 deprompsere:
1273 3738 1334 3791 „tn

228 3816 298 3860 quam
317 3801 437 3857 Iocastes,
457 3802 525 3846 Aeoli
539 3799 618 3857 titius,
637 3803 666 3846 ad
679 3801 768 3846 fretum
781 3803 886 3846 Siculum
901 3804 1060 3858 inhabitabat,
1080 3818 1136 3861 pars
1152 3807 1219 3851 dieta
1231 3797 1340 3852 Aeetia?

228 3871 325 3916 Waltei.
347 3871 400 3916 Gir.
422 3871 492 3915 Diod.
507 3868 537 3925 5,
559 3868 596 3928 8.]
651 3868 710 3916 775.
735 3872 774 3915 Sic
788 3870 818 3915 1..
837 3871 866 3915 F.
897 3895 931 3907 -
960 3874 998 3918 eis
1022 3880 1048 3919 ut
1067 3876 1164 3920 omnint
1181 3875 1215 3920 G.
1232 3877 1294 3921 Atii.
1310 3895 1339 3907 -

226 3942 317 3985 iterum
336 3945 362 3984 ut
379 3940 416 3985 eis
433 3945 527 3985 eeomnt
544 3939 575 3983 E.
593 3940 622 3984 Η.
636 3941 679 3984 W.
698 3962 732 3973 -
751 3941 842 3985 iterum
859 3941 897 3985 eia
914 3948 1009 3987 coornat
1026 3944 1054 3988 (i.
1111 3941 1171 3988 731.
1190 3946 1338 4003 clarumque

226 4010 287 4055 Feb.
326 4007 384 4055 tto.
398 4022 432 4053 esc
443 4008 918 4063 diocou.r1emm.ap.L.-cot.0.:
938 4024 955 4055 a
969 4010 1075 4057 Phoebi:
1095 4015 1137 4058 sed
1149 4014 1195 4058 cfr.
1214 4013 1335 4068 Aristoni·

186 4077 193 4093 ¹
225 4080 291 4124 Ptut.
303 4076 344 4125 39.
362 4077 392 4128 el
405 4074 468 4143 tet·
486 4071 504 4128 ὁ
522 4074 630 4139 Φοῖβος
641 4069 746 4127 ἔλακεν
760 4074 794 4126 ἐκ
805 4075 863 4129 τῶν
875 4075 1069 4144 urcundum
1088 4088 1114 4127 ut
1131 4084 1170 4129 hic
1188 4098 1227 4127 cx
1247 4078 1340 4142 tripode

225 4146 326 4193 Phoebi.
363 4145 421 4193 tta.
442 4148 510 4192 ttiat.
526 4144 573 4200 tt,
587 4144 630 4192 26.
649 4141 742 4208 αὐτὸς
762 4144 785 4195 δ’
805 4145 837 4197 ἐν
853 4148 972 4219 κονίῃσι
988 4150 1081 4215 μέγας
1097 4150 1275 4218 μεγαλωστὶ
1292 4162 1342 4200 re-

224 4214 351 4277 νυσθείς.
405 4214 464 4262 743.
483 4216 641 4271 Empedocles
658 4229 683 4260 t·
698 4213 756 4265 183.
771 4217 806 4264 st.
822 4212 892 4267 ου’δέ
912 4232 941 4268 τι
959 4217 1015 4269 τοῦ
1035 4217 1147 4283 παντὸς
1163 4219 1276 4272 κενεὸν
1294 4216 1353 4268 ιε’·4

225 4282 285 4348 lac,
303 4280 372 4337 οὐδὲ
387 4279 586 4357 aequaeuo·
618 4285 746 4346 primum,
766 4286 808 4345 qut
825 4286 854 4331 C·
1352 4294 1353 4313 ¹
