2750 4744
220 169 282 230 170

220 328 273 389 Tu
294 337 387 407 potes
408 325 537 387 insanae
558 326 697 388 Veneris
720 344 925 408 compescere
947 320 1061 391 le‘stus¹

282 426 505 509 Curarumque
526 438 585 489 tuo
607 427 642 489 ht
665 425 817 491 medicina
840 449 942 493 mero.

218 530 285 593 Per
307 539 339 592 te
360 528 554 613 iunguntur,
577 549 637 609 per
658 540 690 591 te
711 529 882 592 solvuntur
905 540 1066 594 amantes:

281 630 467 692 'servitium
490 628 656 693 exanimo
679 629 785 705 dilue,
810 632 958 706 Bacche,
983 653 1068 697 meo.

218 733 275 794 Te„
289 751 418 815 quoque
440 729 521 793 euim
542 750 608 793 non
630 750 699 813 esse
720 733 831 795 rudem
853 744 987 795 testatur
1008 732 1040 795 in
1063 733 1159 796 astris

279 832 444 911 Lyncihus
466 833 505 892 ad
527 831 646 892 caelum
669 842 762 893 vecta
784 830 929 896 Ariadna
949 831 1024 894 tuis.

190 982 193 986 .
217 933 293 996 Hoc
315 931 409 1006 mihi,
433 935 522 1015 quod
544 942 668 994 veteres
690 931 882 995 custoditio
906 932 1032 996 ossibus
1054 933 1163 1017 ignes,

280 1033 408 1095 Funera
430 1034 586 1095 sanabunt
608 1044 661 1094 aut
682 1044 737 1095 tua
761 1033 833 1095 rina
855 1034 983 1096 malum.
1295 1038 1335 1097 10

217 1133 351 1216 Semper
372 1134 457 1215 enim·
476 1155 597 1197 vacuos
620 1155 685 1197 uox
708 1133 817 1198 sobria
839 1146 970 1217 torquet
992 1147 1151 1212 amantes,

279 1236 425 1320 Spesque
447 1235 607 1318 timorque
629 1235 763 1298 animum
788 1248 892 1298 versat
914 1247 1054 1320 utroque
1075 1239 1186 1300 modo.

217 1336 314 1415 Quod
335 1337 381 1413 si,
407 1337 551 1412 Bacche,
574 1337 638 1400 tuis
659 1359 719 1418 per
740 1337 866 1400 fervida
889 1349 1034 1418 tempora
1057 1338 1149 1400 donis

278 1437 461 1500 Arcessitus
484 1438 544 1500 erit
566 1459 697 1501 somnus
719 1438 749 1500 in
773 1459 846 1501 ossa
869 1459 957 1500 mea:

215 1537 291 1619 Ipse
313 1560 417 1601 seram
441 1538 520 1602 vites
542 1560 743 1623 pangamque
765 1560 806 1601 ex
829 1539 941 1604 ordine
963 1538 1080 1614 eolles,
1296 1544 1333 1603 15

280 1641 371 1720 Quos
394 1652 525 1722 carpant
546 1641 651 1703 nullae
674 1661 721 1702 me
745 1640 897 1726 vigilante
918 1642 1025 1705 ferae:

214 1741 399 1805 Dummodo
422 1763 587 1824 purpureo
610 1754 756 1823 spument
779 1742 853 1804 mihi
875 1742 961 1805 dolia
984 1755 1088 1805 musto

277 1844 322 1905 Et
343 1863 427 1905 nova
450 1854 633 1923 pressantes
655 1842 798 1926 inquinet
821 1865 883 1906 uva
906 1846 1019 1925 pedes.

215 1945 313 2023 Quod
334 1955 483 2024 superest
506 1942 608 2019 vitae,
633 1964 692 2024 per
714 1955 745 2006 11
767 1956 820 2006 tua
844 1965 982 2018 cornua,
1007 1943 1113 2008 rivam

277 2044 482 2128 Virtutisque
505 2056 593 2121 tuae,
618 2045 764 2119 Bacche,
788 2048 887 2126 poeta
908 2045 1010 2109 ferar.

213 2144 326 2208 Dicam
350 2166 413 2228 ego
437 2157 597 2209 maternos
619 2147 766 2209 Aetnaeo
789 2146 919 2210 fulmine
941 2159 1071 2229 partus,

277 2246 385 2309 ludica
408 2246 543 2327 Nysaeis
565 2268 651 2309 arma
672 2247 782 2329 fugata
804 2232 937 2312 choris:

214 2349 441 2432 Vesanumque
464 2368 548 2411 nova
571 2349 781 2432 nequidquam
805 2349 836 2411 in
860 2350 924 2412 vite
946 2352 1155 2434 Lycurgum,

275 2449 442 2513 Pentheos
463 2447 497 2510 in
520 2448 661 2530 triplices
682 2449 796 2511 funera
819 2464 911 2534 grata
933 2457 1088 2536 greges,'

216 2549 391 2634 Curtaque
415 2552 604 2629 Tyrrhenos
627 2551 807 2635 delphinum
830 2573 970 2634 corpora
992 2564 1104 2618 nautas
1289 2560 1327 2621 25

179 2802 186 2807 -
282 2769 307 2815 8.
327 2769 362 2815 ud
384 2771 460 2816 Codd.
483 2772 608 2825 meliores,
627 2771 726 2816 Lachrn.
741 2791 776 2806 -·
793 2773 820 2816 in
837 2774 919 2831 volgo.
981 2770 1022 2818 10.
1042 2778 1086 2817 out
1105 2773 1182 2818 Codd.
1205 2775 1235 2819 L.
1257 2800 1290 2808 —
1308 2781 1332 2818 ut

211 2840 296 2884 Volso.
320 2842 403 2884 -rel
419 2840 501 2898 vulgo.
520 2834 678 2895 („Parliculu
698 2845 743 2885 cut
763 2853 863 2894 prorsus
881 2842 985 2886 excludit
1005 2843 1126 2896 alterum,
1147 2843 1187 2887 rel
1204 2844 1331 2888 admittit.‘'

211 2909 311 2953 Lachm.
331 2921 355 2963 p.
376 2906 450 2966 318.)
507 2907 547 2953 12.
568 2915 670 2968 utroque
687 2906 770 2965 modo]
789 2910 865 2954 Coto.
880 2911 937 2966 aliq.
958 2909 1074 2965 probante
1093 2910 1217 2955 Huschltio
1231 2914 1263 2956 ad
1276 2913 1329 2956 Tm.

212 2977 245 3031 1,
268 2975 297 3031 8,
319 2975 361 3022 64.
404 2979 452 3022 lac.
472 2976 521 3022 L2.
541 3001 574 3012 -
591 2984 693 3036 utroquo
708 2990 790 3020 meum
808 2980 897 3036 Vulgo.
912 2998 947 3010 -
965 2979 1082 3037 utrinque
1100 2992 1182 3023 meum
1195 2981 1259 3023 haud
1272 2981 1331 3023 male

211 3047 290 3094 Grou.
309 3047 445 3103 Perreius3
465 3049 511 3092 nisi
529 3048 592 3104 quod
611 3046 728 3091 sententia
752 3047 874 3104 generalis
893 3046 986 3090 videtur
1003 3048 1156 3091 decennibus
1177 3049 1329 3099 muralibus.

211 3130 258 3160 nou
271 3117 300 3160 11
313 3115 444 3171 Propertio
463 3119 526 3161 solo.
566 3114 607 3160 15.
628 3115 715 3159 caules
735 3108 823 3159 Burin.
849 3115 920 3169 primi
943 3115 1006 3158 coni.
1047 3113 1087 3159 19.
1104 3128 1153 3170 pet·
1171 3120 1194 3158 te
1212 3122 1258 3160 trec
1277 3130 1331 3160 eor·

210 3197 262 3228 uua
279 3187 376 3243 egregie
395 3183 443 3229 L2.
463 3199 493 3229 ex
512 3185 583 3228 solita
601 3183 722 3237 formula,
748 3186 777 3228 de
796 3198 842 3240 qua
861 3184 899 3241 egi
918 3187 972 3238 post
989 3182 1146 3227 Garatonium
1165 3187 1195 3227 ad
1213 3183 1330 3230 Plancia-

209 3265 270 3296 num
288 3253 317 3296 C.
339 3250 381 3298 12.
399 3266 447 3309 per
464 3267 506 3298 eor
518 3250 651 3311 fortunae,
660 3266 709 3310 per
721 3252 814 3296 liberor
832 3258 941 3297 cestros.
958 3252 1037 3309 Vulgo
1055 3264 1129 3306 paene
1147 3253 1269 3299 ridicule:
1287 3268 1330 3310 per

210 3326 233 3365 te
252 3324 277 3363 11
295 3326 338 3363 tuo
355 3334 460 3365 cornua.
523 3320 566 3367 21.
586 3321 663 3365 olenti
676 3320 798 3383 flumine,
825 3324 941 3365 commate
959 3325 1014 3373 post
1031 3333 1129 3364 merum
1147 3322 1248 3375 posito,
1269 3323 1329 3365 Seal.

210 3389 274 3434 coni.
294 3391 366 3446 vulgo
378 3396 485 3444 recepta.
541 3387 584 3435 28.
601 3390 680 3448 potae]
702 3389 763 3434 Cod.
781 3389 858 3434 Gron.
885 3389 933 3433 lac.
951 3394 1026 3433 11111.
1046 3403 1069 3432 v.
1090 3389 1203 3433 lluschlre
1222 3393 1253 3433 ad
1277 3391 1328 3435 Tit.

177 3479 180 3486 ·
210 3456 240 3513 2,
262 3455 447 3513 4,38.111,
469 3456 498 3513 1,
524 3457 567 3504 25.
604 3459 737 3512 „scribunt
757 3459 835 3502 Latini
858 3459 993 3513 promiscue
1021 3471 1045 3500 r.
1076 3471 1098 3501 1.
1128 3456 1205 3501 turta
1232 3459 1290 3502 ruit
1310 3464 1330 3501 et

209 3526 283 3571 rurba
294 3533 380 3573 ruunt.
401 3527 454 3572 Non
467 3527 576 3571 scribunt
585 3532 661 3571 ruunt
670 3526 761 3581 turbu,
781 3528 823 3572 sed
832 3527 884 3570 ruit
895 3525 995 3569 turho.’'
1009 3547 1038 3558 -
1051 3532 1140 3581 potunt
1150 3526 1242 3583 reliqui
1257 3528 1329 3571 Codd.

208 3597 299 3654 Volgo.
315 3595 362 3640 L2.
382 3616 417 3630 -
433 3594 523 3641 Noxia
540 3596 613 3641 turbu
627 3596 726 3640 offendit
744 3609 800 3640 saue
819 3601 874 3650 post
890 3593 999 3647 Naxon,
1019 3594 1077 3638 nihil
1096 3601 1175 3639 tamen
1195 3595 1329 3639 iurantibus

210 3664 294 3718 libris,
325 3679 427 3722 quornm
452 3667 543 3721 aliquot
569 3664 664 3718 noxio,
696 3677 756 3708 unus
782 3665 908 3708 maxima.
973 3659 1016 3707 30.
1040 3659 1213 3717 Bassorum,
1246 3664 1328 3709 Bacchi

209 3733 295 3788 ipsius,
315 3734 355 3789 qui
373 3731 520 3778 Bceeoreue
533 3733 656 3779 dicebatur
675 3747 689 3776 a
707 3747 765 3777 voce
783 3733 889 3777 Thracia
906 3725 1066 3798 βασσάρα,
1087 3733 1178 3787 vulpes.
1218 3731 1327 3783 Ceterae,

209 3814 270 3857 quae
288 3802 313 3845 h.
339 3803 356 3844 1.
382 3808 548 3847 memorantur
570 3803 666 3846 fabulae
690 3802 820 3846 Bacchicae
845 3801 903 3845 satis
928 3805 984 3843 sunt
1006 3803 1091 3843 notae:
1118 3801 1148 3842 ad
1174 3813 1200 3844 v.
1222 3797 1327 3845 21.111.

209 3869 281 3916 orit.
296 3869 357 3913 Met.
382 3867 411 3923 3,
434 3868 495 3916 253.
513 3885 536 3915 r.
558 3869 601 3915 22.
618 3872 653 3914 id.
667 3868 698 3925 t,
719 3866 1067 3926 20.1.23.11Ι.γ1ω·ςο,
1086 3866 1199 3911 Edonum
1222 3882 1285 3927 rege
1302 3870 1326 3912 ll.

209 3939 239 3997 ζ,
260 3933 318 3982 130.
340 3938 429 3997 Hyglu.
446 3940 465 3982 1.
485 3936 544 3982 132.
563 3940 592 3982 11
610 3936 716 3982 Pentheo
734 3939 819 3992 Eurip.
840 3937 926 3980 Bacch.
945 3932 1022 3980 1023.
1049 3935 1120 3982 orte.
1138 3936 1200 3980 11111.
1219 3934 1252 3990 3,
1274 3933 1327 3981 tls.

210 4007 239 4048 11
252 4007 331 4049 nautis
350 4004 494 4064 Tyrrhenia
510 4006 664 4049 Homericum
677 4006 758 4058 hymn.
768 4008 793 4050 in
805 4006 892 4049 Bacch.
907 4004 979 4049 ouo.
996 4004 1056 4048 Met.
1070 4000 1099 4057 3,
1120 4000 1181 4048 629.
1202 4006 1233 4048 11
1246 4005 1327 4050 Bacchi

211 4072 311 4117 adventu
329 4074 353 4116 in
368 4072 465 4118 Naxon
479 4073 568 4116 catull.
588 4070 693 4125 Epithal.
711 4074 740 4116 Ρ.
760 4078 783 4117 et
798 4074 873 4120 11111.
891 4070 952 4117 252.
1009 4067 1053 4115 33.
1074 4068 1150 4114 Codd.
1168 4084 1257 4117 omues
1274 4073 1298 4117 h.
1313 4074 1327 4116 l.

211 4144 334 4197 tympano
351 4146 376 4185 11
393 4154 416 4185 r.
441 4137 484 4184 36.
506 4138 633 4197 cymbalo.
653 4139 737 4182 Burin.
757 4141 811 4185 Sec.
839 4148 863 4185 11
883 4141 983 4184 Lachm.
1002 4140 1027 4183 in
1052 4139 1098 4183 Ed.
1118 4152 1157 4194 pr.
1176 4145 1328 4196 1111111111-

211 4212 268 4251 runt
286 4213 412 4265 utrumque
430 4220 483 4253 voc.
499 4206 572 4251 lleete
590 4206 702 4250 refutavit
720 4206 805 4252 lacobs
822 4205 905 4254 Blum.
923 4221 947 4264 p.
968 4205 1029 4254 219.
1067 4207 1119 4253 Gir.
1141 4209 1215 4254 etium
1234 4209 1326 4254 water.
