2772 4750
1118 166 1158 228 73

35 321 201 388 Hostibus
222 322 397 388 intulerant
417 322 524 407 ignem
546 321 729 387 formidinis
751 343 852 407 ergo;
1080 324 1161 387 1915

36 424 121 490 Sive
144 428 234 511 quod
259 423 400 490 inductei
417 437 525 490 terrae
544 424 688 490 bonitate
709 426 863 491 volebant

36 530 191 593 Pandere
211 549 312 613 agros
333 527 480 614 pingueis
500 539 533 591 et
554 548 673 610 pascua
690 530 824 592 reddere
847 550 924 592 rura

37 630 121 695 Sive
143 630 229 694 seras
250 630 434 694 interficere
457 641 489 694 et
508 628 666 694 ditescere
684 634 824 713 praeda:

37 733 126 796 Nam
146 731 245 796 fovea
268 743 362 817 atque
384 732 453 816 igni
474 731 565 815 prius
587 744 634 797 est
656 733 804 797 venarier
827 745 950 811 ortum,

38 835 149 914 Quam
172 833 298 917 saepire
318 833 423 919 plagis
446 835 558 898 saltum
580 835 774 920 canibusque
796 835 895 900 ciere.
1082 840 1164 902 1950

106 935 273 1020 Quidquid
287 935 321 999 id
335 948 398 1012 est,
422 959 648 1023 quaquumque
664 960 705 1001 ex
723 959 833 1003 caussa
847 938 1010 1002 llannnens
1022 943 1121 1003 ardor

38 1037 213 1103 Horribili
231 1038 338 1103 sonitu
358 1038 456 1103 silvas
475 1043 627 1104 exederat
649 1040 722 1104 altis

39 1143 97 1206 Ab
120 1139 286 1204 radicibus
306 1152 338 1204 et
356 1152 475 1204 terram
498 1154 694 1224 percoxerat
715 1142 802 1227 igni,

40 1245 204 1308 Manabat
225 1243 315 1308 venis
333 1242 539 1306 serventibus
560 1243 593 1306 in
611 1244 684 1308 loca
707 1256 814 1309 terrae

41 1351 203 1417 Concava
223 1345 416 1414 conveniens
436 1344 562 1430 argenti
585 1344 675 1410 rivus
695 1358 728 1410 et
742 1346 836 1424 auri,
1082 1352 1163 1413 1955
1180 1426 1183 1433 Δ

40 1453 144 1519 Aeris
166 1451 243 1515 item
264 1458 296 1514 et
316 1447 458 1532 plumbi:
484 1468 583 1533 quae,
607 1470 705 1534 quom
729 1462 881 1514 concreta
901 1450 1050 1515 videbant

42 1553 217 1621 Posterius
240 1553 329 1616 claro
349 1552 383 1615 in
406 1563 509 1616 terras
533 1553 701 1634 splendere
721 1551 853 1628 colore,

43 1658 223 1722 Tollebant
245 1654 349 1719 nitido
373 1653 477 1736 captei
496 1654 625 1739 leivique
649 1654 781 1737 lepore3

42 1762 89 1824 Et
107 1757 204 1823 simili
226 1759 366 1821 formata
385 1756 536 1821 videbant
559 1778 627 1820 esse
649 1758 773 1841 figura,

42 1865 157 1948 Atque
179 1862 362 1924 lacunarum
380 1860 508 1923 fuerant
532 1858 667 1943 vestigia
685 1858 841 1944 quoique.
1084 1865 1166 1925 1910

44 1967 131 2027 Tum
153 1964 341 2046 penetrabat
362 1983 436 2037 eos,
460 1982 556 2044 posse
578 1962 658 2025 haec
678 1961 850 2046 liquefacta
874 1964 983 2028 calore

45 2066 233 2145 Quamlibet
252 2063 285 2128 in
306 2064 444 2128 sormam
468 2074 499 2127 et
520 2062 636 2127 faciem
660 2067 831 2128 decurrere
853 2087 960 2129 rerum

44 2170 89 2232 Et
112 2189 264 2250 prorsum
288 2165 434 2251 quamvis
455 2164 487 2228 in
511 2177 602 2229 acuta
622 2187 660 2228 ae
678 2166 787 2229 tenvia
808 2187 905 2250 posse

45 2271 246 2333 Macronum
269 2267 342 2331 duci
363 2267 493 2352 fastigia
514 2270 742 2350 procudenda,

46 2374 91 2437 Ut
109 2371 174 2434 sibi
194 2372 258 2434 tela
276 2382 390 2452 parent
410 2368 570 2454 silvasque
591 2382 623 2432 et
644 2375 777 2435 caedere
799 2371 941 2456 possint,
1086 2374 1165 2436 1915

46 2472 220 2537 Materiem
241 2472 370 2548 lirare,
395 2472 506 2535 dolare
529 2494 566 2535 ac
587 2476 701 2537 radere
723 2474 813 2558 tigna

47 2577 90 2638 Et
110 2578 278 2639 terebrare
301 2575 393 2639 ctiam
417 2597 454 2638 ac
476 2579 669 2657 pertundere
692 2598 814 2662 perque
837 2578 961 2642 forare.

110 2680 183 2741 Nec
206 2676 307 2740 minus
330 2687 465 2761 argento
485 2676 594 2740 facere
616 2680 695 2741 haec
716 2700 860 2763 auroque
882 2683 1038 2762 parabant

48 2780 152 2858 Quam
177 2777 275 2841 validi
296 2778 435 2861 primurn
457 2777 609 2843 violentis
634 2778 757 2842 viribus
779 2779 879 2844 aeris:

48 2879 293 2966 Nequidquarn3
317 2880 468 2964 quoniam
491 2883 623 2946 cedebat
643 2879 729 2944 victa
751 2892 894 2963 potestas
1086 2887 1169 2948 1970

48 2984 118 3047 Nec
138 2994 270 3066 poterat
290 2982 414 3066 pariter
435 2985 547 3045 durum
571 2984 705 3046 sufferre
723 2983 881 3047 laborem.

49 3217 104 3248 rare
121 3209 169 3248 Ar.
187 3204 263 3248 Plus:
295 3207 383 3258 „suun
403 3203 443 3260 qui
461 3215 551 3261 rapere
570 3204 670 3264 legant”
693 3228 727 3239 -
751 3206 813 3262 quod
832 3205 874 3249 W.
894 3204 993 3260 recepit.
1022 3205 1068 3249 Sed
1084 3205 1169 3249 calore

52 3274 126 3319 Codd.
141 3279 167 3318 et
178 3272 239 3318 Edd.
251 3285 346 3318 omnes.
382 3269 458 3318 12⁶5.
477 3278 501 3317 et
512 3272 617 3317 caedere
627 3274 704 3318 Cadd.
716 3275 832 3331 plerique.
844 3276 904 3319 Ver.
916 3275 978 3319 Van.
998 3297 1031 3308 —
1050 3274 1170 3320 excidere

50 3343 115 3387 llrix.
132 3343 225 3387 Ain-ll.
281 3339 358 3388 1266.
386 3342 563 3402 materiemque
581 3342 684 3397 dolare,
703 3344 787 3388 levare
805 3357 836 3387 ac
854 3342 945 3387 radere
963 3343 1036 3403 tigna
1043 3356 1055 3398 ;
1072 3345 1106 3388 ita
1118 3344 1170 3389 tere

49 3413 109 3458 Edd.
127 3417 189 3457 vett.
206 3413 248 3456 W.
268 3425 339 3469 quern
362 3413 383 3457 si
407 3411 492 3456 audias
516 3426 633 3466 „necesse
657 3417 694 3457 est
715 3413 799 3457 levare
823 3426 919 3457 sensum
944 3413 1032 3457 babere
1050 3414 1171 3458 lrondium

51 3483 259 3537 exspoliandas-nm
276 3487 346 3538 atque
364 3494 489 3526 ramorum
506 3495 725 3537 supervacuorum,
746 3487 771 3527 nt
783 3483 853 3540 Virg.
864 3482 909 3527 Ge.
924 3479 955 3536 2,
970 3479 1029 3527 100.
1046 3495 1117 3527 omne
1134 3484 1171 3527 le.

53 3551 161 3596 eandum
174 3549 272 3595 Fronde
287 3552 403 3597 nemue.''
432 3551 479 3594 Sed
497 3553 593 3596 diversa
610 3553 696 3596 miscet
707 3552 748 3596 W.
769 3566 812 3596 nec
829 3554 913 3596 derare
932 3552 992 3596 node
1011 3552 1046 3596 sic
1065 3553 1171 3607 positum

51 3622 150 3666 tolerari
169 3625 257 3676 potest.
276 3621 322 3665 Ar.
339 3621 370 3665 P.
394 3621 572 3680 materiemque
595 3620 683 3666 dolare
702 3634 732 3664 ae
749 3621 815 3665 levia
832 3619 925 3665 radere
943 3620 1032 3679 tigna,
1059 3623 1120 3665 unde
1139 3622 1169 3669 1..
1211 3636 1213 3641 ·

52 3694 74 3737 et
90 3691 133 3738 W.
154 3695 348 3745 proposuerunt:
367 3689 546 3749 materiemque
559 3689 646 3735 dolare
659 3704 689 3733 ac
701 3690 766 3735 levia
779 3688 884 3734 reddere
897 3690 979 3749 tigna.
1011 3689 1062 3734 Noe
1077 3691 1171 3745 priscos

51 3757 88 3803 Pii
100 3760 179 3804 Codd.
195 3759 226 3803 E.
238 3760 269 3803 ll.
283 3762 358 3804 secuti
372 3772 471 3815 sumus;
490 3761 654 3815 corruptionis
666 3750 740 3818 ¹origo
758 3759 885 3804 manifesto
903 3764 941 3804 est
958 3759 1025 3803 verbi
1044 3761 1129 3803 leuare
1148 3765 1172 3805 et

52 3828 193 3885 significatio
213 3833 237 3873 et
254 3830 373 3885 quantitas
391 3830 511 3887 ignorata.
532 3826 588 3887 [Cd.
603 3831 650 3877 C.:
671 3830 795 3887 eilraeque
814 3828 960 3873 recredere
975 3830 1077 3886 poesim
1089 3827 1170 3873 Mate·

53 3900 161 3956 riemqne
179 3897 267 3944 dolare
284 3904 309 3942 et
325 3899 409 3942 leuare
427 3913 458 3942 ae
476 3913 500 3944 r.
520 3905 539 3943 t.
576 3899 621 3943 ct.
635 3898 683 3944 E.:
703 3899 830 3956 rilaaeque
848 3897 953 3942 caedere
967 3899 1071 3956 possint
1087 3896 1169 3942 Mate·

53 3966 161 4026 riemque
178 3967 276 4013 dolaret
294 3968 330 4025 (in
342 3982 420 4028 marg.
435 3966 535 4025 dolare)
552 3968 635 4012 levare
651 3982 682 4012 ac
694 3982 717 4013 r.
730 3974 748 4012 t.
769 3968 844 4013 b‘orb.
858 3973 883 4012 ut
895 3968 986 4022 Wak.,
1005 3981 1082 4013 meam
1093 3972 1171 4010 taenea

54 4036 234 4091 explicationem
256 4042 362 4085 secutus.
395 4041 486 4082 Verum
509 4038 650 4083 incredibile
675 4043 712 4083 est
734 4038 874 4083 Lucretium
898 4037 1046 4092 corripuisse
1069 4041 1171 4090 ortanam

54 4107 106 4158 rrll.
125 4106 196 4151 buius
215 4118 238 4151 r.
257 4103 362 4165 iduare]
400 4105 476 4152 1271.
492 4113 593 4165 poterat
609 4108 641 4151 E.
657 4107 688 4151 1..
705 4108 736 4152 Η.
753 4107 846 4151 Eicbst.
866 4130 899 4140 -
913 4111 1031 4163 poterant
1043 4105 1097 4149 scit.
1112 4106 1172 4148 duae

54 4179 181 4228 potestates
199 4176 252 4220 auri
270 4181 294 4220 et
311 4179 415 4234 argenti,
441 4190 454 4222 e
473 4176 534 4222 Cdd.
549 4177 605 4234 aliq.
620 4177 673 4233 (C.)
686 4177 729 4220 W.
739 4175 816 4221 Forb.
836 4176 882 4220 Sed
897 4174 999 4228 uereor,
1020 4187 1075 4228 ne,
1085 4174 1124 4230 qui
1140 4174 1171 4216 ita

55 4245 213 4301 seripserunt,
233 4258 276 4300 per
294 4260 405 4292 errorem
423 4246 523 4291 verbnm
540 4246 603 4291 istud
621 4246 749 4293 retulerint
766 4242 796 4289 ad
814 4242 936 4288 nominee.
