2762 4762
578 346 632 409 67.

57 449 107 511 Me
129 450 237 527 Tyrus
260 447 388 510 eduxit:
411 447 520 531 generit
542 468 620 531 gens
643 446 772 519 Attica,
796 446 853 509 sed
874 465 955 530 quiae

112 552 190 610 Tam
214 549 330 631 procul
352 549 497 628 Assyriis
519 548 650 611 dissidet
671 549 703 610 in
726 547 888 612 Gadaris:

57 650 240 713 Eueratides
263 650 330 713 vixi
351 650 458 713 Musis
480 650 649 733 Meleager
672 650 810 725 auricus,

111 756 256 815 Sectatus
277 748 443 828 Veneres,
468 753 561 815 docte
582 751 759 834 Menippe,
782 762 868 817 tuas.

57 855 126 914 Sum
149 855 271 932 Syrus:
297 866 329 916 et
351 851 428 935 quid
450 853 542 915 tum?
564 854 707 916 Mundus
729 851 919 917 mortalibus
941 874 1003 915 urm
1147 852 1176 914 δ’
1212 864 1215 869 ’

112 955 171 1016 Est
194 955 330 1017 domus:
354 973 416 1015 una
438 952 600 1016 homiuum
626 953 730 1037 gentis
752 953 850 1037 origo
867 955 983 1017 chaos.

56 1057 112 1118 Ista
135 1055 235 1119 vicem
259 1057 369 1118 tumuli
392 1055 505 1119 tabulis
527 1077 590 1139 ego
612 1055 673 1118 iam
696 1055 807 1140 gravis
828 1056 918 1119 aunis

110 1157 279 1220 Inscribat
305 1169 438 1220 mortem
461 1156 580 1240 quippe
601 1168 728 1219 senecta
751 1177 856 1238 prope
877 1166 938 1219 est.

56 1260 96 1321 Ar
116 1260 298 1340 quicunque
320 1277 426 1321 senem
449 1279 499 1322 me
520 1278 604 1328 nunc
624 1258 749 1320 salvere
772 1257 939 1340 loquacem

110 1358 270 1438 iusserit,
294 1358 361 1443 ipse
382 1379 481 1425 senex
501 1359 558 1422 fiat
578 1369 611 1424 et
632 1358 700 1442 ipse
721 1352 857 1441 loquan-
959 1350 962 1357 ’
1126 1359 1167 1420 lo

579 1542 634 1607 68.

58 1664 200 1748 Quisquis
223 1685 275 1740 es,
298 1663 310 1726 i
330 1660 472 1746 placide:
495 1665 591 1727 cubat
613 1662 664 1725 blc
685 1673 875 1746 cumgente
896 1659 1026 1746 piorum

111 1766 216 1828 Fatali
238 1764 375 1827 douritus
398 1765 536 1826 membra
558 1783 679 1845 sopore
701 1784 812 1826 senex.

57 1867 198 1928 Eueratei
221 1867 406 1950 Meleager,
429 1866 535 1928 Amor
556 1865 606 1927 cui
629 1865 732 1926 dulcia
756 1865 887 1944 plorans

110 1967 288 2050 Gratiaque
310 1979 342 2030 ct
363 1968 481 2029 Musae
504 1969 624 2050 grande
647 1968 764 2028 dedere
785 1968 895 2027 decus.

54 2068 109 2132 Cui
131 2069 238 2132 diviua
260 2072 369 2148 'l'yros
392 2066 498 2130 iuveni
521 2068 747 2150 Gadarhmque
768 2076 891 2129 saerata
976 2144 979 2153 .
1147 2061 1167 2127 5

109 2173 196 2234 Urbs
220 2168 307 2231 dedit
328 2179 360 2231 et
383 2169 558 2250 Meropum
582 2167 651 2230 Cos
673 2167 820 2229 alimenta
841 2164 921 2229 seni.

55 2272 84 2334 Si
106 2273 206 2349 Syrus
230 2290 331 2352 ergo;
355 2269 478 2342 Salam3
501 2268 529 2332 si
551 2267 719 2342 Phoenix,
744 2265 897 2339 Aeidoni3
921 2264 1070 2343 Chaere,

109 2373 144 2437 si
167 2374 333 2436 Graecuse
356 2374 412 2434 sed
434 2369 515 2433 idem
537 2381 573 2434 tu
594 2390 723 2453 quoque
745 2371 842 2432 redde
864 2366 953 2431 mibi.

577 2555 631 2618 69.

53 2675 253 2740 Multilorem
276 2675 401 2739 socians
424 2674 514 2738 vocis
536 2670 748 2736 modulamine
772 2674 891 2750 lotum,
965 2750 969 2757 ι

108 2779 299 2840 Dorotheus
321 2777 430 2837 laudes
452 2774 691 2837 concelebravit
713 2774 806 2856 equi,

52 2879 190 2961 Fataque
214 2882 295 2939 dura
319 2879 506 2959 Phrygum,
531 2874 735 2955 Seruelesque
758 2875 788 2934 in
810 2871 940 2934 lulruiue
963 2882 1110 2952 partum:
1152 2856 1158 2865 „

110 2981 234 3058 Quama
262 2978 362 3040 virdm
386 2978 535 3040 illecebra
559 2990 624 3049 est,
649 2982 763 3056 quauta
786 2985 892 3035 secuta
916 2976 1046 3035 Venus!
1149 2968 1157 2977 ’

52 3081 136 3144 Unius
159 3081 213 3141 hic
235 3101 275 3141 ex
298 3100 448 3153 niriueru,
475 3088 522 3139 tut
544 3079 640 3138 habet
662 3088 742 3158 quot
765 3096 876 3136 scaena
899 3073 1080 3148 ministros,
1147 3074 1167 3135 5

110 3181 237 3264 Effugit
258 3202 395 3261 pennas,
420 3179 567 3258 improbe
590 3179 718 3250 Moure,
742 3188 829 3249 trras3
997 3252 1001 3257 ι

53 3284 187 3346 Sosicles
210 3293 303 3363 pater
325 3294 390 3355 est,
417 3282 548 3343 Thebae
572 3281 702 3340 deuius:
728 3280 803 3338 aede
826 3274 929 3353 Lyaei

105 3377 205 3448 'Nunc
225 3384 329 3447 fessus
352 3382 491 3446 calamos
513 3378 682 3444 consecrat
703 3389 799 3463 atque
822 3379 937 3441 fidem·

580 3566 633 3627 70.

53 3687 83 3749 Si
104 3687 176 3750 talis
200 3691 350 3769 sirperhm
374 3686 476 3749 Liber
498 3684 637 3748 venisset
659 3682 690 3746 in
712 3681 814 3745 aulam

110 3789 237 3853 Saltans
260 3810 330 3851 eum
354 3789 502 3868 Satyrum
525 3784 792 3867 Bassaridumque
816 3785 941 3860 chore,

187 4015 287 4070 Qualem
306 4014 374 4058 illum
391 4012 514 4066 Pylades,
535 4017 586 4056 telo
605 4012 729 4066 plaudente
748 4010 857 4064 theatro,
959 4018 962 4025 ’

215 4082 316 4125 Salias-it
335 4084 400 4139 leges
418 4079 518 4124 mirifice
537 4084 566 4124 ed
585 4082 707 4137 tragicas,

187 4150 295 4195 Dixisset
317 4149 375 4193 luno
394 4157 489 4193 veteres
507 4149 583 4192 oblita
603 4151 721 4192 dolores:

221 4220 324 4263 Mentita
343 4223 380 4263 est
398 4218 511 4280 Semele,
531 4218 650 4262 Bacchum
669 4230 715 4275 ego
733 4217 859 4274 progeniti.
