2762 4762
178 205 243 269 388

264 363 415 427 Salmacis
436 364 468 425 in
491 366 636 447 lymphas
659 384 817 429 conversa
839 374 905 441 est,
929 364 1059 430 mollior
1080 365 1163 431 illis:

351 467 496 548 Repente
518 467 654 548 Daphne
677 465 855 549 germinat,

434 567 546 652 Virgo
568 568 653 632 viret
674 566 781 632 foliis:
1106 599 1109 607 ·
1261 575 1301 637 15

266 706 337 772 Vix
357 718 460 770 tamen
483 719 515 770 et
536 707 615 770 rarni
637 706 780 769 manibus
802 678 920 770 distare
944 706 1105 772 videntur.

351 810 492 885 Pedem,
517 830 642 884 comas,
665 821 702 872 ut
721 807 858 884 semina,
974 890 977 894 Δ
1031 894 1033 899 ⁴

435 911 606 991 Quaelibet
627 912 726 974 arhor
748 912 857 974 hahet.
1056 905 1059 914 '

266 1049 450 1133 Quid-mihi
471 1050 661 1135 contigerit,
686 1071 784 1127 narro
805 1048 999 1115 lacrimabile
1021 1052 1149 1117 ridensa

349 1153 387 1215 In
410 1152 591 1234 profluente
613 1152 736 1234 perdidi
1015 1156 1019 1162 ’
1259 1157 1302 1218 20

435 1254 554 1319 Nobile
577 1275 690 1317 murnus
712 1274 806 1337 aqua.

148 1394 150 1399 ’
266 1396 396 1458 Staham
419 1393 564 1478 contigui
586 1395 777 1476 Nymphaeo
799 1415 902 1477 nuper
923 1372 1089 1471 inhorti,
1126 1480 1131 1485 ᾖ

354 1496 418 1561 Ubi
440 1496 535 1558 trium
558 1496 631 1560 fons
655 1494 804 1581 anguium

434 1600 561 1683 Lapsus
584 1601 625 1660 ab
647 1618 705 1662 ore
728 1598 808 1673 coit;

267 1743 370 1827 Inque
391 1750 445 1803 tua
468 1741 613 1823 aptabam
637 1759 787 1801 numeros
810 1738 999 1821 praeconia,
1024 1739 1178 1817 Memmi,
1260 1742 1303 1805 25

351 1841 476 1907 Etiam
500 1861 618 1903 sonora
641 1860 811 1921 coeperam

433 1943 505 2008 Fila
527 1942 625 2006 ferire
648 1962 761 2004 manu:

268 2066 376 2145 Quom
398 2065 468 2146 lyra
490 2063 599 2127 nescio
622 2082 689 2146 que
711 2083 785 2125 casu
808 2062 939 2126 defluxit
959 2062 991 2126 in
1013 2066 1126 2129 tardam

352 2164 405 2229 Sic
427 2178 492 2229 tres
515 2168 658 2249 duaeque
682 2176 906 2247 etquattuor,

438 2268 491 2330 Sic
515 2267 647 2332 voluere
669 2287 807 2332 novema
1262 2270 1305 2334 30

270 2387 482 2471 Calliopeque
504 2389 673 2470 Eratoque
696 2386 874 2470 Thaliaque
896 2388 1169 2473 Melpomeneque

355 2488 496 2572 Clioque
521 2500 552 2552 et
573 2490 718 2571 Euterpe
742 2500 774 2552 ct
788 2490 890 2568 Poly-

440 2589 567 2671 hymnia
589 2601 620 2653 et
642 2589 774 2654 Uranie.

269 2712 378 2777 Solam
402 2710 664 2792 Terpsichoren,
689 2713 777 2793 quod
798 2710 838 2773 sit
859 2711 1069 2789 citharistria,
1093 2712 1158 2776 vidi

354 2813 501 2877 Flentem
523 2832 673 2875 sororum
697 2811 791 2874 devio
1111 2876 1113 2881 ,
1261 2817 1305 2880 35

438 2913 617 2977 Absiluisse
640 2914 757 2977 choro.

271 3035 494 3120 Nequidquam
518 3034 698 3097 exclamans
720 3044 935 3119 porrectaque
957 3036 1085 3100 brachia
1109 3040 1241 3101 tendens

356 3135 511 3201 Conabar
534 3148 700 3218 exceptam
725 3140 805 3201 vado

440 3239 591 3313 Tollere3
616 3240 704 3321 lapsa
727 3250 826 3302 natat.

273 3360 493 3445 Terpsichore
515 3359 652 3422 insiliens
675 3359 891 3445 citharamque
914 3362 1060 3443 amplexa
1082 3381 1200 3425 sereno
1265 3361 1306 3422 to

352 3460 488 3527 Afflavit
510 3463 577 3526 oris
599 3461 710 3525 basius
1156 3454 1161 3464 ’

435 3563 545 3639 „Vive
568 3563 708 3629 bicornis
718 3564 753 3642 ,''
776 3565 831 3629 ait.

269 3683 420 3771 Prodigii
442 3683 584 3768 species!
606 3684 762 3749 animatur
784 3686 878 3749 sutile
901 3686 1033 3771 lignum.

300 3790 304 3796 ’
355 3787 395 3849 In
417 3790 556 3850 membra
579 3785 670 3850 nervi
692 3798 876 3864 transeunt3

440 3890 485 3951 Et
506 3888 627 3953 cithara
648 3891 686 3953 fit
707 3892 792 3955 olor.

270 4011 375 4097 Quam
398 4008 479 4083 cita,
507 4020 571 4070 tarn
594 4009 696 4073 facilis
717 4011 780 4074 suit
801 4013 880 4075 haec
902 4011 1050 4077 mutatio.
1094 4015 1223 4079 Venter

361 4106 537 4172 Plumcscit
559 4120 591 4169 ct
613 4109 762 4188 Carystio

444 4209 528 4269 Saxa
550 4209 662 4301 colore
684 4211 804 4290 refert,
916 4260 920 4265 -
