2750 4744
228 219 289 282 180

228 378 288 452 Et,
312 372 340 435 sl
361 369 437 455 quid
458 364 616 430 doliturus
638 359 721 439 eris,
742 356 810 422 sine
831 353 969 419 testibus
990 353 1076 427 illis3

291 474 400 554 Quom
421 466 567 539 venient,
589 460 683 526 sireis
704 460 814 524 osrula
835 457 912 520 falle
934 454 1039 539 genis.

230 582 287 641 Sat
308 573 368 638 tibi
388 571 451 635 sint
472 578 603 640 noctes,
627 584 706 649 qum
728 564 767 624 de
788 580 856 635 me,
882 557 1019 632 Psulle,
1041 555 1178 640 fatiges,

290 672 484 755 somniaque
505 669 538 731 ἰιι
558 665 671 730 saniem
695 660 815 726 credita
837 679 935 741 saepe
958 678 1075 721 nseam.

227 781 357 860 Atque,
380 772 435 835 ubi
457 780 582 833 secreto
603 774 716 829 nostru
739 765 778 825 ad
800 760 968 824 simulacra
989 758 1153 842 loqueris,

289 878 335 942 Ut
356 889 570 955 responsurae
592 865 718 949 singula
738 865 838 928 uerba
859 861 941 924 iace.

228 983 292 1042 Seu
314 989 419 1039 tamen
441 975 609 1036 adversum
632 964 760 1030 mutarit
781 964 876 1026 ianua
896 963 1035 1035 lectum,

290 1075 416 1142 Sederit
438 1085 469 1136 et
492 1082 604 1136 nostro
627 1078 719 1130 carita
740 1083 884 1128 noverea
906 1075 1003 1137 toro,

226 1177 442 1262 Coniugium,
467 1171 582 1256 pueri,
605 1171 729 1231 laudate
752 1177 783 1228 et
804 1164 890 1228 ferte
912 1176 1083 1246 paternum
1102 1186 1111 1235 ;

290 1278 397 1361 Capto
419 1275 506 1338 (labit
528 1270 646 1336 vestris
667 1267 811 1330 moribus
832 1265 886 1328 illa
909 1286 1032 1327 manius.

228 1384 298 1444 Nee
319 1391 449 1441 matrem
472 1375 598 1437 laudate
620 1369 731 1433 nimis:
754 1368 871 1430 collata
893 1366 997 1459 priori

290 1485 404 1548 Vertet
423 1477 457 1540 iu
477 1475 616 1540 offensas
636 1471 740 1534 libera
761 1470 860 1531 verba
882 1489 972 1531 suas.

229 1587 292 1645 Seu
313 1600 436 1643 memor
455 1577 509 1640 ille
532 1595 601 1637 mea
623 1580 791 1636 contentus
814 1569 965 1631 manserit
985 1569 1102 1633 umbra

291 1682 336 1744 Et
356 1677 436 1742 tanti
457 1677 579 1740 eineres
599 1671 729 1736 duxerit
750 1691 821 1734 esse
842 1691 948 1746 meos,

228 1781 351 1849 Discite
373 1790 539 1844 venturam
561 1774 623 1837 iam
645 1793 730 1836 ιιιιιιο
750 1774 869 1834 sentire
889 1783 1073 1847 senectam,

292 1879 438 1946 Coelibis
460 1880 499 1942 ud
520 1897 615 1939 eiuras
636 1895 696 1937 nee
718 1885 812 1936 vacet
834 1873 898 1935 ullu
919 1873 986 1936 ria.

228 1985 326 2065 Quod
347 1980 422 2045 mihi
443 1983 619 2042 detractum
640 1987 709 2050 ost,
733 1977 1013 2066 vestrostaecodat
1036 1977 1077 2037 ad
1099 1993 1220 2038 annos:
1297 1975 1331 2036 01

290 2084 392 2149 Prole
414 2101 482 2144 mea
503 2079 650 2144 Paullum
672 2076 720 2139 sic
740 2075 829 2137 iuvet
850 2096 920 2137 esse
942 2096 1064 2139 senem.

231 2188 276 2250 Et
297 2187 378 2248 bene
398 2183 512 2245 habet:
535 2198 696 2261 nunquam
717 2187 819 2238 mater
842 2175 993 2260 lugubria
1016 2176 1155 2258 sumpsi;

290 2284 391 2348 Venit
411 2283 442 2346 iu
466 2279 633 2365 exsequias
656 2289 723 2342 tota
745 2287 876 2339 caterva
897 2283 998 2340 meas.

229 2385 336 2451 Causa
357 2394 507 2465 perorata
528 2391 590 2444 est.
635 2379 767 2442 Flentes
789 2398 838 2440 me
860 2379 1008 2462 surgite,
1033 2390 1155 2457 testes,
1367 2348 1369 2441 l

290 2484 376 2548 Dum
398 2481 536 2565 pretium
559 2480 643 2544 vitae
665 2491 759 2564 grata
779 2479 925 2561 rependit
946 2481 1072 2545 humus.
1283 2482 1335 2542 100

228 2586 383 2650 Moribus
407 2595 439 2646 et
461 2583 582 2646 eaelum
604 2581 729 2663 patuits
753 2579 811 2643 sim
834 2580 930 2663 digua
952 2585 1124 2657 merendo,

292 2683 394 2750 Cuius
414 2681 582 2748 honoratis
605 2703 682 2746 ossa
705 2684 864 2745 vehantur
886 2680 967 2745 avis.

298 2874 341 2921 79.
360 2874 433 2919 lieris
450 2875 485 2918 sir
499 2873 608 2918 distinxit
623 2869 672 2916 Le.
695 2872 732 2926 ..si
751 2873 791 2930 qui
811 2872 939 2916 dolendum
959 2871 1048 2925 hslsss,
1069 2873 1124 2915 dole
1143 2872 1168 2916 11
1184 2874 1245 2917 offam
1265 2875 1338 2917 illos.”

229 2944 309 3003 Vulgo
336 2943 453 3001 iungunt:
485 2942 510 2985 sl
541 2939 602 3000 qnid
629 2938 755 2985 doliturus
781 2940 834 2984 eris
867 2941 923 2985 sins
952 2940 1058 2986 testibus
1084 2941 1158 2994 s'lls's,
1196 2955 1270 3000 quom
1297 2947 1337 2986 eet.

229 3011 272 3059 02.
292 3009 390 3056 reddito
410 3009 499 3055 Grues.
523 3012 588 3054 coni.
652 3007 695 3057 85.
714 3011 800 3067 „Quae
819 3009 992 3055 conveniebant
1010 3009 1034 3053 iu
1055 3023 1154 3054 insnum
1172 3010 1235 3063 siri,
1261 3013 1339 3055 lentum

227 3081 367 3142 (genialem
393 3080 478 3124 floret.
503 3078 549 3135 Ep.
571 3077 595 3133 1,
625 3075 650 3133 1,
674 3075 731 3135 81.)
762 3078 809 3123 sibi
826 3079 966 3123 sternebant
986 3078 1010 3123 iu
1028 3079 1101 3132 strio,
1129 3091 1204 3135 quern
1222 3083 1340 3124 aduersum

228 3151 362 3203 rorabant,
391 3151 446 3206 quie
467 3162 480 3193 e
501 3149 599 3206 regions
620 3147 704 3190 ianuae
726 3152 798 3194 esset.
842 3148 915 3191 lanus
932 3147 1020 3191 dieitur
1041 3153 1136 3191 snutare
1156 3148 1268 3202 lectum,
1287 3162 1340 3206 quse

229 3221 293 3264 vitiet
313 3219 386 3261 ulium
411 3217 537 3260 adversum
559 3217 645 3260 lectum
660 3216 685 3259 iu
703 3217 783 3260 locum
800 3217 909 3271 prioris,
937 3229 997 3260 nors
1020 3217 1076 3260 soll.
1097 3228 1175 3263 uxore
1194 3217 1292 3261 domum
1306 3219 1341 3260 slu-

229 3287 294 3331 rta.”
311 3286 400 3343 Scalig.
421 3284 466 3329 eir.
485 3285 575 3329 Asson.
589 3287 618 3328 ad
634 3285 762 3328 Milonius.
783 3284 812 3330 C.
833 3281 858 3329 5.
877 3283 1009 3329 Laberium
1026 3298 1066 3339 up.
1087 3284 1153 3328 Gell.
1177 3281 1226 3338 16,
1247 3283 1273 3331 9.
1292 3283 1340 3328 Mu·

229 3361 268 3400 ter
278 3353 400 3413 Jomlllos
419 3358 462 3396 luo
479 3353 506 3396 ιἰι
524 3354 588 3397 lecto
605 3352 710 3397 adverso
728 3351 810 3408 sedat,
832 3358 857 3398 et
874 3350 1339 3411 1111111511ΑΙάοΙιι-.Ηοιὴιο11ρ.111.

231 3417 273 3469 9³.
291 3422 373 3466 lenire
389 3421 469 3466 Διιοιι.
489 3442 519 3454 -
538 3423 638 3478 saepire
655 3422 739 3467 Heius.
760 3445 793 3456 -
811 3422 918 3475 „sentin
935 3434 1006 3466 nemo
1023 3420 1185 3476 probabiliter
1197 3422 1341 3476 exprimit'

229 3492 328 3538 Lsehrn.
348 3490 549 3536 Tsnlsvittameu
567 3490 691 3545 Wytteuls.
710 3491 774 3535 Bibl.
793 3494 848 3535 erit.
870 3487 895 3545 3,
916 3487 941 3544 4,
960 3503 984 3544 p.
1006 3487 1049 3534 5³.
1086 3489 1181 3543 „Plane
1198 3490 1272 3535 nobis
1292 3504 1340 3545 pro·

229 3562 298 3607 batur
316 3562 374 3606 illud
397 3559 510 3613 sentire,
541 3562 604 3615 qnod
628 3574 641 3603 s
668 3559 768 3603 Graecis
795 3559 935 3616 exquisitius
950 3557 1051 3603 subinde
1073 3557 1175 3610 dieitur,
1205 3555 1342 3608 αἰσθάνε-

229 3628 302 3680 σθαί
318 3643 412 3692 τινος,
439 3626 503 3673 affici
525 3628 625 3673 alieuius
651 3629 688 3672 rei
705 3629 743 3672 vel
766 3632 835 3686 grato
860 3629 899 3672 vel
918 3628 1013 3684 ingrato
1029 3639 1119 3680 sensu,
1146 3638 1222 3679 eura,
1250 3628 1341 3679 studio,

231 3701 260 3744 srl
279 3712 332 3743 eum
356 3702 393 3743 vel
423 3697 600 3753 adipiscendam
623 3697 662 3741 vel
688 3696 850 3755 fugiendamfi
916 3692 975 3740 100.
1005 3693 1105 3754 grands
1129 3694 1250 3750 rependit
1273 3694 1341 3740 Ιιοιιω
1367 3694 1368 3741 l

229 3768 359 3822 Koppiers·
397 3764 456 3811 102.
475 3765 530 3810 usis
547 3768 611 3810 roni.
629 3765 713 3809 Heius.
729 3766 837 3810 Broukh.
856 3765 1009 3809 Laetum·
1026 3762 1128 3818 Epicurl
1144 3762 1222 3808 Drusi
1243 3776 1270 3809 u.
1291 3760 1341 3807 111.
1367 3746 1368 3811 1

227 3836 328 3889 Druse,
359 3848 437 3895 neque
455 3832 600 3879 adustam
616 3833 732 3879 conditus
749 3834 799 3878 ibis
818 3846 937 3877 usos.-
957 3832 1031 3890 aquis
1051 3832 1112 3875 cdd.
1139 3831 1257 3888 aliq.-
1221 3830 1368 3890 -squr's

229 3906 318 3959 Gron„
337 3905 399 3961 quoi
416 3904 525 3951 restituit
544 3902 631 3949 laeols:
661 3904 844 3957 „verisimilius
862 3901 1001 3978 apotheosis
1017 3901 1085 3958 equis
1103 3898 1236 3944 honoratis
1261 3899 1342 3944 deseri·

228 3973 317 4027 bstm·‚
348 3989 394 4019 uon
414 3974 554 4019 adrentus
547 3986 572 4017 ιιι
589 3972 692 4024 Elysio,
723 3985 770 4028 qno
790 3983 874 4016 uersus
895 3969 1019 4026 proximus
1039 3981 1084 4014 nos
1098 3971 1170 4011 vorat
1189 3966 1310 4012 Moribus
1324 3971 1344 4009 st

228 4042 326 4087 rustum
341 4044 442 4099 putuit:
461 4052 512 4086 sun
533 4038 614 4098 dignu
635 4038 767 4093 sacrando,
787 4053 810 4084 e.
847 4040 887 4084 Sir
908 4039 1016 4093 luppiter
1034 4034 1165 4083 Herculem
1186 4034 1342 4097 Quadriiugo

229 4122 308 4153 curru
321 4110 482 4156 radiantibus
504 4105 590 4150 intulit
606 4105 686 4147 ostris
705 4105 776 4150 Ouid.
798 4108 859 4152 Met.
880 4105 905 4162 9,
926 4104 1004 4151 rw
1039 4107 1087 4151 Sed
1104 4117 1150 4148 uer
1170 4106 1201 4150 ule
1224 4103 1343 4160 apotheosi

229 4190 274 4221 nee
289 4177 317 4221 de
332 4180 433 4225 aduentu
455 4177 479 4220 in
497 4173 595 4226 Elysios
612 4183 710 4224 campos
730 4185 810 4219 sermo
830 4181 882 4233 est;
907 4188 992 4220 uerum
1010 4175 1038 4221 ‹le
1057 4173 1188 4219 condendis
1207 4175 1308 4220 ossibus
1322 4176 1342 4218 iu

231 4244 403 4290 honoratorum
420 4245 541 4289 maiorum
558 4242 720 4282 monumento.
