2750 4744
1110 192 1172 259 att

36 342 123 414 „An
151 340 322 425 quisquam
346 351 392 404 est
414 341 493 403 alius
515 341 616 418 liber,
641 342 704 406 nisi
725 347 841 408 ducere
866 345 959 409 vitam
992 380 996 385 ·

34 443 103 509 Cui
129 445 230 521 licet,
256 457 289 506 ut
313 443 442 507 voluit?
463 443 578 519 Licet,
604 455 638 507 ut
660 447 755 522 volo,
780 446 911 511 vivere:
935 470 999 512 non
1021 470 1091 513 sum
1171 492 1174 501 .

34 546 204 610 Liberior
226 544 357 608 Bruto?
379 575 420 590 ’-
442 547 627 618 „Mendose
650 548 816 631 colligis”‚
840 549 941 633 inquit
1128 554 1169 616 85

35 648 177 711 Stoicus
202 648 270 723 hic,
297 668 403 710 aurem
427 649 570 711 mordaci
591 649 676 713 lotus
699 663 810 715 aceto:

33 752 145 823 „Hoc
161 782 204 793 -
220 751 344 835 reliqua
365 749 488 832 accipio
504 786 544 797 -
560 751 647 830 licet,
671 764 706 815 ut
728 755 825 829 volo,
847 756 976 832 vivere,
1001 757 1113 821 tolle.’'
1128 793 1169 805 —

33 852 226 926 „Vindicta
247 864 418 936 postquam
440 875 528 917 meus
549 875 566 915 a
588 867 741 938 praetore
761 859 899 934 recessi,

34 955 113 1021 Cur
140 954 219 1018 mihi
240 978 303 1018 non
325 954 442 1029 liceat,
465 955 555 1020 iussit
577 960 794 1043 quodcunque
819 961 984 1036 voluntas,

32 1061 218 1140 Excepto,
242 1058 367 1142 siquid
390 1060 516 1122 Masuri
538 1061 666 1124 rubrica
689 1061 862 1125 vetavit?’'
886 1100 925 1137 -,

33 1209 49 1236 „
58 1161 188 1225 Disce!
211 1163 268 1223 sed
288 1160 334 1222 ira
357 1164 448 1224 cadat
468 1148 547 1226 naso
569 1144 755 1247 rugosaque¹
776 1186 891 1242 sanna,

31 1266 129 1328 Dum
155 1275 283 1326 veteres
306 1262 392 1327 avias
414 1264 473 1327 tibi
495 1268 533 1327 dc
554 1267 706 1348 pulmone
727 1267 864 1331 revello.

33 1368 118 1429 Nou
146 1367 304 1447 praetoris
328 1378 396 1430 erat
418 1363 523 1431 stultis
548 1370 625 1431 dare
646 1369 753 1432 tenvia
771 1391 881 1434 rerum

34 1469 161 1532 Officia
184 1481 278 1550 atque
302 1491 390 1531 usum
413 1470 543 1551 rapidae
565 1471 752 1552 permittere
777 1472 877 1537 vitae:

34 1573 236 1634 sambucam
259 1571 350 1634 citius
372 1572 477 1635 caloni
500 1574 661 1654 aptaveris
684 1575 763 1638 alto.

34 1676 115 1737 Stat
140 1684 255 1736 contra
276 1674 359 1737 ratio
382 1685 416 1737 et
435 1686 590 1738 secretam
613 1677 723 1760 gannit
744 1678 776 1741 in
799 1698 925 1755 aurem,

33 1778 90 1839 Ne
115 1775 214 1838 liccat
234 1776 343 1839 facere
365 1777 417 1853 id,
442 1780 531 1862 quod
553 1779 624 1861 quis
647 1778 771 1853 vitiabit
794 1783 934 1865 agendo.

32 1877 181 1942 Publica
203 1877 256 1940 lex
277 1879 441 1942 hominum
464 1891 638 1962 naturaque
661 1881 803 1945 continet
824 1885 888 1946 hoc
909 1883 975 1957 sas,

35 1982 86 2044 Ut
110 1991 221 2042 teneat
244 1979 361 2044 vetitos
383 1981 506 2044 inscitia
529 1982 640 2045 debilis
662 1994 766 2045 actus.

32 2081 149 2145 Diluis
172 2082 390 2157 helleborum,
415 2094 505 2148 certo
527 2103 733 2165 compescere
754 2098 873 2165 puncto
1110 2089 1170 2150 100

34 2183 185 2248 Nescius
207 2206 350 2248 examen.
397 2186 498 2248 Vetat
520 2188 583 2249 hoc
606 2196 719 2247 natura
742 2188 897 2251 medendi.
922 2220 961 2230 -

34 2287 164 2350 Navim
186 2286 212 2348 si
234 2299 348 2367 poscat
369 2285 428 2349 sibi
450 2299 625 2368 peronatus
648 2299 757 2351 arator

33 2388 195 2452 Luciferi
214 2389 321 2463 rudis,
346 2390 501 2452 exclamet
523 2388 696 2453 Melicerta
718 2390 841 2472 perisse

34 2493 200 2555 Frontem
224 2494 262 2553 de
284 2494 394 2554 rebus.
417 2527 454 2538 -
481 2491 556 2554 Tibi
578 2503 669 2557 recto
694 2493 803 2557 vivere
826 2496 892 2559 talo

35 2596 108 2657 Ars
134 2591 247 2654 dedit?
269 2604 301 2653 ct
322 2591 390 2655 veri
411 2592 547 2675 speciem
570 2592 759 2678 dignoscere
782 2596 898 2672 calles,
1107 2601 1166 2663 105

114 2763 161 2809 84.
190 2788 215 2797 -
239 2766 299 2808 licet
327 2773 354 2811 ut
374 2765 448 2810 libuit
476 2765 555 2809 REM.
588 2766 624 2810 lb.
650 2765 717 2826 sitm]
742 2767 831 2813 Omnes
856 2773 912 2813 mei.
956 2767 998 2813 87.
1018 2767 1088 2821 Hoc,
1109 2772 1168 2814 reli-

32 2833 100 2896 qua]
123 2835 203 2878 Codd.
224 2836 281 2892 aliq.
302 2859 335 2868 —
353 2834 421 2879 Haec
441 2836 540 2893 reliqua
558 2837 655 2892 accipio
673 2835 763 2880 Omnes
781 2838 838 2884 mei.
876 2838 912 2881 lb.
932 2837 992 2881 licet
1013 2845 1038 2882 ot
1056 2840 1109 2882 colo
1128 2841 1168 2883 ui-

32 2920 96 2949 cere
122 2900 194 2961 tolle]
212 2900 275 2948 C3d.
294 2905 437 2949 Achaintrii.
468 2929 502 2937 —
528 2904 586 2947 licet
604 2905 669 2949 illud
691 2911 715 2948 et
733 2912 759 2950 ul
784 2907 837 2950 uolo
864 2907 921 2950 tolle
940 2907 1104 2951 TRVESAM.
1126 2910 1168 2952 sed

32 2976 122 3018 ML:
154 2971 233 3017 istud.
279 2971 321 3018 89.
353 2998 387 3009 ·-
413 2973 572 3032 quodcunque
592 2973 623 3016 R.
671 2971 712 3019 90,
738 2999 772 3009 -
799 2977 896 3020 occavit
921 2978 952 3019 V.
973 2998 1006 3008 -
1029 2977 1166 3021 notavere.

34 3041 79 3090 93.
104 3067 143 3078 -
162 3041 225 3085 dere
245 3044 330 3087 stultis
352 3043 404 3087 ΕΑ.
455 3041 496 3088 94.
517 3063 544 3076 -
564 3044 716 3086 committere
739 3045 793 3088 SM.
843 3041 884 3089 95.
905 3065 936 3081 ο
956 3045 1021 3087 ratio
1044 3050 1170 3088 secretum

32 3115 98 3157 ΒΜ.
156 3112 193 3155 lb.
221 3135 255 3145 ·-
277 3115 365 3172 garrit
390 3112 448 3156 EM.
503 3109 545 3157 97.
566 3131 599 3144 -
617 3112 712 3156 uitiauit
734 3113 787 3157 VE.
838 3111 879 3157 98.
899 3133 933 3145 -
950 3112 1054 3157 Publica
1076 3114 1113 3156 vis
1134 3113 1165 3158 R.

35 3180 101 3227 100.
126 3200 163 3213 ·-
180 3178 271 3224 Deluir
289 3183 318 3226 ll.
357 3183 392 3229 lb.
413 3201 446 3215 -
464 3194 610 3236 componere
620 3195 649 3238 p.
669 3183 721 3225 ΒΑ.
770 3178 826 3225 102.
846 3178 949 3240 Nuoim]
967 3181 1042 3226 Tun.
1067 3193 1097 3223 =
1115 3180 1167 3225 Να-

31 3266 92 3296 eem
115 3248 217 3294 BESM.
236 3250 275 3293 lb.
292 3271 324 3286 ι-
334 3253 476 3307 cleperent
489 3253 521 3295 V.
541 3250 578 3295 lb.
594 3271 623 3281 -
634 3263 683 3308 per
697 3256 802 3293 ornatus
815 3251 888 3294 divise
905 3250 935 3294 Τ.
950 3272 977 3281 -
985 3249 1126 3306 pedenntus
1136 3251 1166 3295 R.

34 3318 101 3365 103.
126 3339 162 3351 -
181 3321 310 3363 exclamat
329 3320 427 3364 TRSM.
449 3342 481 3352 -
500 3319 623 3363 exclamet
639 3321 673 3365 V.
710 3317 768 3366 104.
788 3339 821 3351 -·
839 3320 886 3363 uie.
905 3319 970 3362 colle
989 3321 1024 3363 M.
1065 3317 1168 3364 105.-

32 3389 158 3447 epeciem
178 3389 231 3432 ceri
245 3389 319 3436 an.
357 3389 394 3433 lb.
415 3410 448 3425 -
467 3388 600 3433 dinoscere
618 3388 715 3433 RESM.
753 3388 790 3432 lb.
810 3412 842 3422 —
862 3388 936 3432 cellia
955 3389 984 3431 R.

34 3491 188 3504 ...-

118 3547 164 3594 84.
184 3563 235 3594 non
252 3551 301 3594 cim
319 3551 379 3606 er.
435 3549 477 3596 87.
497 3549 550 3596 Hoc
573 3552 698 3610 reliquum
716 3550 834 3608 accipio:
864 3551 920 3594 licet
941 3547 1007 3593 illud
1026 3555 1049 3592 et
1070 3554 1094 3592 ut
1111 3549 1166 3594 uolo

34 3622 102 3666 tolle
123 3634 146 3664 r.
178 3642 212 3652 -
238 3616 291 3663 Hoc
310 3620 445 3678 (reliquum
466 3619 574 3679 accipio)
592 3621 665 3674 licet,
696 3625 723 3663 ut
742 3620 809 3673 colo,
835 3620 915 3663 eicere
934 3619 991 3662 tolle
1009 3632 1033 3673 p.
1055 3642 1076 3650 -
1099 3616 1169 3663 Haec

35 3691 147 3749 reliquo
167 3688 281 3744 accipio:
299 3689 373 3745 licet,
393 3697 420 3735 ut
436 3690 503 3744 eolo,
524 3690 604 3734 eicere
625 3689 683 3734 tolle
701 3690 766 3733 wW.
812 3686 852 3734 90.
872 3688 965 3733 notavit
982 3689 1012 3733 P.
1033 3702 1088 3732 cum
1103 3686 1166 3734 Cid.

35 3763 123 3804 flavo.
167 3754 225 3802 102.
245 3755 338 3802 Nucem
356 3759 445 3803 erw.

38 3860 202 3873 ..ι-

117 3917 162 3964 88.
184 3915 302 3963 Vindicta
320 3921 387 3978 virga
409 3926 459 3973 est,
489 3935 535 3977 qua
553 3921 732 3964 munninittendt
752 3924 906 3982 abpraetore
927 3920 951 3963 iu
977 3919 1053 3973 capite
1075 3919 1169 3972 pulsan·

34 3999 96 4037 tur:
121 3990 179 4034 ideo
196 3987 278 4040 dicta,
299 3991 361 4045 quod
379 4003 433 4033 eum
451 3991 555 4035 vindicat
572 3988 688 4034 libertati.
739 3984 780 4032 90.
800 3989 924 4032 Masurius
945 3992 1024 4031 autem
1041 3988 1079 4029 hic
1100 3983 1168 4029 Sabi·

35 4074 87 4106 nus
108 4058 175 4117 legis
190 4059 315 4102 consultus
333 4058 387 4102 fuit.
435 4057 559 4104 Rubricae
585 4064 656 4103 uocat
673 4058 787 4111 mimum,
822 4071 869 4115 quo
887 4057 948 4100 tituli
970 4057 1049 4113 legum
1069 4056 1167 4097 annota-

34 4132 146 4175 bantur.
193 4124 253 4172 10⁰.
272 4123 345 4171 corto
362 4140 521 4185 compeecere
535 4128 640 4187 puncto]
659 4127 712 4172 Non
736 4130 765 4171 ad
787 4128 913 4178 trutinam,
942 4126 984 4168 sed
1005 4126 1033 4166 ad
1052 4126 1168 4165 staterem

34 4199 147 4251 retulit,
170 4210 230 4254 quae
250 4199 343 4251 punctis
362 4201 386 4242 et
404 4198 479 4241 unciis
497 4198 616 4255 signetur.
665 4195 723 4242 tut.
743 4195 859 4241 frontem
874 4193 905 4238 de
925 4190 1013 4246 relos]
1037 4190 1168 4232 Pudorem.

35 4268 179 4323 Templum
196 4267 260 4310 enim
279 4267 377 4321 pudoris
397 4271 433 4310 cst
449 4267 527 4313 frons.
