2750 4744
216 192 277 257 teo

279 344 398 421 Troia,
422 339 471 405 bis
493 339 608 407 Oetaei
629 338 755 403 numine
777 327 869 420 capta
892 337 956 402 dei.

215 449 286 511 Nee
307 467 371 510 oon
392 444 447 508 ille
469 444 514 507 tui
536 462 627 506 casus
648 450 844 504 memorator
866 441 1047 504 Homerus*

279 546 474 613 Posteritate
494 565 585 607 suum
607 561 752 605 creseere
773 539 870 604 sensit
892 560 987 623 opus.
1008 596 1015 607 ,

217 650 341 734 Meque
361 647 445 710 inter
467 665 558 709 seros
580 642 721 707 laudabit
741 642 847 706 Roma
869 653 1020 723 nepotes;
1109 666 1114 672 ·

277 750 371 813 Illum
393 758 469 831 post
490 745 614 809 cineres
639 763 786 828 augium·
806 742 876 825 ipse
897 742 994 806 diem.

213 852 265 916 Ne
287 871 356 914 mea
376 848 561 930 contempto
583 844 663 927 lapis
684 843 802 908 indicet
824 864 898 908 ossa
919 843 1091 924 sepulcro,

277 948 452 1017 Provisum
476 959 540 1024 est,
564 945 672 1026 Lycio
693 956 772 1010 vota
791 946 952 1028 probante
971 948 1049 1009 deo.

215 1050 374 1119 Carminis
397 1050 517 1113 interea
540 1046 643 1115 nostri
665 1049 831 1110 redeamus
852 1046 885 1108 io
909 1048 1041 1120 orbem,

278 1155 424 1217 Gaudeat
446 1162 480 1214 ut
502 1149 705 1212 solito-tacta
726 1148 833 1230 puella
853 1167 950 1212 sono.

215 1255 347 1337 Orphea
368 1251 517 1316 delinisse
538 1250 624 1315 feras
647 1262 681 1313 et
702 1248 830 1313 concita
851 1247 959 1312 dicssnt
1058 1288 1062 1293 -

276 1353 421 1418 Flumina
444 1350 595 1415 Threicia
618 1339 803 1413 sustinuisse
825 1348 908 1429 lyra.

215 1457 301 1519 Saxa
322 1452 526 1518 Cithaeronis
548 1453 679 1515 Thebas
702 1450 822 1535 agitata
842 1471 904 1533 per
925 1460 1025 1514 artem

278 1557 402 1638 Sponte
423 1576 479 1619 sua
500 1554 533 1617 in
555 1552 638 1616 muri
659 1554 802 1617 membra
823 1552 928 1617 coisse
949 1552 1075 1616 ierunt:

214 1656 303 1738 Quin
324 1656 437 1733 etiam,
461 1656 683 1736 Polypheme,
704 1654 773 1718 iera
796 1654 930 1717 Galatea
951 1655 1011 1718 sub
1032 1655 1140 1718 Aetna

277 1760 332 1823 Aa
351 1770 405 1821 tua
426 1766 573 1821 rorantes
595 1754 735 1819 carmina
756 1754 847 1818 flexit
869 1775 994 1838 equos:

214 1859 395 1936 Miremur,
419 1857 512 1922 nobis
535 1868 566 1920 et
588 1858 720 1920 Baccho
742 1867 774 1919 et
791 1855 946 1938 Apolline
968 1859 1104 1932 dextro,

278 1962 392 2024 Turba
412 1959 589 2041 puellarum
612 1958 639 2022 ei
662 1978 730 2021 mea
752 1959 853 2021 verba
874 1956 976 2021 colit?

217 2063 314 2143 Quod
336 2081 400 2126 nou
423 2058 589 2123 Taenariis
611 2061 725 2124 domus
746 2068 795 2121 eet
817 2057 891 2122 mihi
913 2057 994 2120 fulta
1016 2058 1191 2135 columnis,

193 2185 196 2191 ·
278 2164 349 2227 Nec
370 2182 494 2225 camera
517 2170 644 2224 auratas
665 2160 750 2224 inter
770 2160 894 2223 eburna
914 2162 1045 2236 trabes,

214 2267 284 2329 Nee
304 2284 373 2327 mea
394 2263 558 2327 Phaeacas
580 2272 719 2345 aequant
739 2259 883 2343 pomaria
904 2260 1019 2337 silvae,

256 2368 353 2430 -Non
373 2384 514 2447 operosa
534 2362 620 2446 rigat
641 2361 788 2427 Marcius
810 2372 902 2425 antra
922 2362 1055 2446 liquor:

214 2468 264 2530 At
284 2468 402 2530 Musae
424 2462 558 2528 comites
579 2475 611 2527 ct
632 2462 773 2529 carmina
794 2474 887 2548 grata
907 2464 1026 2549 legenti

277 2569 322 2632 Et
342 2565 468 2630 defessa
489 2564 600 2630 choris
622 2563 790 2648 Calliopea
812 2564 901 2629 meis.

268 2792 310 2842 34.
329 2793 406 2839 sentit
422 2792 483 2838 Coo.
505 2792 530 2837 1.
549 2791 657 2841 Bronlrls.
677 2793 768 2852 volgo.
830 2789 871 2839 tt.
892 2797 918 2838 ut
938 2792 1012 2838 solito
1026 2792 1098 2838 habet
1114 2792 1162 2839 Et.
1181 2806 1219 2849 pr.
1233 2795 1334 2849 minor,

214 2865 275 2910 unde
294 2864 357 2920 quod
383 2862 483 2906 Lachne.
510 2862 587 2905 adhuc
612 2861 755 2922 ignorabat,
782 2862 913 2917 evincitur,
941 2863 965 2906 iu
987 2862 1076 2907 Codice
1096 2864 1182 2908 saltem
1200 2876 1250 2907 uno
1272 2865 1336 2909 hanc

214 2932 342 2979 lectionem
358 2931 494 2983 exstitisse,
519 2943 591 2988 quarn
609 2931 739 2987 pleraeque
756 2930 818 2975 Edu.
834 2935 926 2976 recent.
947 2944 970 2975 r.
989 2945 1012 2976 c.
1029 2931 1114 2975 Burin.
1131 2931 1255 2976 exhibent.
1292 2933 1337 2976 at·

214 3008 266 3047 tera
275 3000 321 3044 tta.
332 3013 372 3055 pr·
384 3012 439 3043 cnm
447 2999 528 3043 multis
541 2998 610 3043 libris
618 2999 735 3053 insolito,
746 3002 807 3044 unde
818 3000 902 3044 Burm.
915 3004 940 3044 et
951 2999 1050 3047 Luciam.
1060 3001 1087 3044 s'n
1101 2999 1184 3056 solito,
1197 3002 1290 3061 collato
1310 2998 1336 3054 2,

214 3068 248 3125 t,
268 3067 311 3113 28.
348 3065 464 3113 (ἶαιιᾰιαι
480 3067 508 3112 in
522 3080 619 3124 puero,
637 3068 662 3111 ss‘
673 3067 730 3126 quis
748 3068 847 3115 osricus
858 3068 916 3115 erit.
933 3068 1038 3113 nasetur.
1057 3070 1088 3112 ad
1105 3068 1162 3113 Tio.
1183 3066 1216 3122 3,
1239 3068 1270 3130 1,
1291 3065 1334 3113 8.:

212 3138 304 3193 „Nemo
321 3138 409 3194 gaudet
425 3137 450 3180 iu
469 3149 549 3190 sono,
568 3137 636 3181 sunlti
654 3137 679 3180 in
693 3148 784 3193 puero.
804 3134 875 3182 Oriel.
894 3137 963 3181 Fast.
984 3134 1013 3191 4,
1035 3133 1095 3183 193.
1132 3135 1250 3181 Gaudeat
1267 3136 1337 3181 assi·

212 3207 262 3251 duo
282 3219 329 3250 eus
345 3204 402 3249 Dee
419 3218 514 3264 magno
531 3205 619 3252 sono.¹’
653 3205 784 3251 Praeterea
812 3207 956 3263 iungendum
986 3210 1037 3259 est,
1069 3210 1097 3249 ut
1114 3203 1336 3263 condempnata

213 3279 281 3320 tacte
307 3285 369 3319 seno
396 3273 485 3327 solito,
514 3274 651 3330 neutiquam
672 3285 731 3318 vero
753 3270 869 3319 Gaudent
893 3270 945 3329 (in)
968 3274 1043 3318 solito
1069 3285 1131 3318 sono
1144 3274 1236 3330 puella
1254 3279 1334 3317 taeta.

214 3342 305 3397 (Etiam
321 3342 372 3385 lae.
391 3346 418 3385 ut
437 3340 535 3399 solito.)
599 3340 641 3386 41.
661 3341 753 3386 liorem
775 3342 877 3401 elegiam
898 3342 953 3386 hine
979 3343 1105 3386 ordiuntur
1126 3341 1219 3397 Grypo.
1239 3343 1334 3387 Dones.

213 3411 298 3466 anp..
324 3406 426 3466 Orphea
443 3407 582 3454 detinuisse
601 3423 655 3455 enm
680 3410 740 3454 cat.
760 3410 809 3455 lae.
829 3414 853 3455 et
869 3408 917 3456 IAE.
936 3411 963 3454 ln
980 3410 1026 3458 tta.
1050 3423 1088 3466 pr.
1107 3409 1138 3455 t..
1161 3414 1263 3456 secutus
1283 3413 1337 3455 erut

213 3479 344 3535 Api-manni
363 3478 427 3523 coni.
446 3479 544 3523 minime
561 3480 749 3534 aspernandum:
782 3476 883 3536 Orpheo
898 3477 1042 3533 detentum
1059 3480 1084 3522 iu
1102 3483 1254 3534 pentametro
1275 3492 1336 3522 noa·

213 3548 271 3594 nulli
288 3551 375 3591 uterum
395 3545 770 3596 detinuissssllronlsla..linr1n.
788 3553 933 3603 receperunt
949 3546 1041 3592 Heinsii
1059 3547 1144 3593 coni:
1164 3568 1195 3580 -
1214 3544 1333 3604 Orphea,

212 3622 236 3662 ts
263 3613 371 3660 duxisse
398 3620 422 3660 et
447 3629 471 3660 v.
504 3613 546 3661 42.
565 3614 713 3660 detinuisse.
756 3615 832 3660 ltalici
856 3618 944 3671 penei:
963 3639 997 3651 -·
1015 3613 1132 3673 Orpheus,
1158 3621 1182 3659 te
1199 3616 1332 3666 tsnsss'sss,

188 3712 194 3753 Ι
213 3684 276 3742 qnod
292 3697 367 3739 nuper
383 3685 499 3739 praetulit
517 3683 612 3729 Nobbe.
631 3707 667 3719 -
683 3681 803 3742 Orpheus,
833 3689 857 3728 ts
881 3685 976 3729 lenisse
992 3685 1066 3731 linio.
1119 3680 1162 3727 t3.
1183 3680 1334 3728 Thebanam

189 3752 297 3797 ·lleius.
317 3752 359 3795 sed
373 3751 459 3810 iunge:
484 3766 553 3797 sexes
578 3753 693 3813 agitate,
721 3757 841 3797 commota
859 3754 910 3798 suis
931 3753 1029 3798 sedibus
1049 3756 1073 3797 et
1089 3756 1190 3796 attracta
1213 3755 1247 3796 aet
1269 3749 1334 3797 Tlss·

187 3820 268 3868 roes.
321 3817 364 3864 tt.
383 3820 410 3867 la
435 3820 552 3866 Taenaro
579 3822 699 3868 Luceriae
721 3821 887 3876 promontorio
916 3821 1058 3876 lapidicinae
1086 3821 1217 3864 marmoris
1249 3821 1334 3866 viridis

213 3888 546 3945 erant.1²tto.tt.u.tt,
568 3888 592 3936 i.
630 3888 673 3936 52.
692 3891 757 3935 Plio.
777 3891 808 3934 ll.
829 3890 860 3936 N.
881 3888 933 3944 31,
953 3888 996 3935 24.
1033 3886 1186 3934 clarissima
1205 3901 1334 3949 apuam

211 3956 329 4002 omnium
338 3957 366 4001 in
380 3962 429 4002 toto
449 3958 523 4013 orbe,
535 3955 652 4018 frigoris
669 3958 877 4017 salubritatisque
885 3959 974 4017 palmo
985 3958 1126 4016 praeconio
1143 3957 1215 4002 urbis
1228 3956 1335 4003 Marcis

213 4031 269 4079 set,
299 4025 364 4069 inter
381 4027 481 4083 relique
502 4023 577 4071 decim
594 4038 700 4070 munero
718 4025 775 4070 urlss'
797 4026 901 4072 tributo,
938 4024 1028 4071 Oritur
1045 4027 1074 4071 s'rs
1090 4026 1188 4070 ultimis
1205 4025 1336 4071 »monotes

212 4091 398 4151 Pelignorum:
416 4093 511 4137 transit
526 4090 630 4136 Marsos
648 4098 673 4135 et
687 4091 810 4138 Fucinum
826 4096 929 4150 locum,
948 4093 1053 4140 Romam
1072 4108 1122 4140 non
1137 4093 1212 4139 slahis
1231 4101 1334 4153 persus.

213 4157 278 4205 Mox
296 4160 324 4204 s‘u
339 4173 431 4217 sperus
452 4172 553 4212 merso,
578 4159 606 4202 s'n
622 4157 756 4204 Titus-tine
776 4176 804 4207 ss
822 4164 907 4221 operit
923 4176 1009 4209 norem
1026 4163 1138 4209 mutilus
1153 4176 1229 4220 pass.
1245 4159 1337 4222 jos-ssi·

215 4226 287 4270 cibus
304 4227 409 4272 structis
425 4223 557 4284 perducto.
601 4224 704 4274 Primus
721 4240 777 4275 snm
794 4232 821 4276 s'n
839 4230 926 4277 urlssm
943 4230 1036 4278 ducere
1053 4232 1202 4291 suspicatus
1220 4237 1264 4278 est
1282 4230 1337 4278 Au·
