2772 4750
227 174 288 236 152

225 331 321 392 Nunc
339 338 445 391 autem
465 324 563 390 saeris
585 322 733 387 Baiarum
757 321 890 385 maxima
910 321 1069 402 lymphis,

291 429 399 509 Quom
421 449 455 490 se
478 444 645 508 purpureo
667 443 746 486 vere
768 422 898 484 remittit
920 424 1048 485 hiuuus.

198 512 201 517 ¹
228 532 273 593 At
294 529 369 591 mibi
391 529 602 608 Persephone
625 524 747 606 nigram
770 521 932 590 denuntiat
953 523 1088 597 boram:

184 700 191 712 .
289 629 455 692 Immerito
478 625 586 689 iuveni
606 645 703 706 parce
726 643 861 697 nocere,
884 625 964 686 dea!

227 732 303 794 Non
326 751 389 814 ego
411 729 533 791 tentavi
553 728 631 790 nulli
653 727 834 788 temeranda
855 723 983 804 piorum

289 833 408 893 Audax
430 830 601 890 laudandae
617 848 716 889 saera
732 827 855 889 ,docere
877 827 971 898 deae;

226 934 297 995 Nec
319 951 386 992 mea
409 928 581 993 mortiferis
603 928 712 990 iniecit
732 926 849 1007 poeula
873 925 990 987 succis¹
1076 952 1079 959 ’

288 1022 431 1096 Dextera
455 1052 515 1092 nec
535 1028 682 1111 cuiquam
702 1027 778 1090 trita
801 1046 922 1091 venena
945 1024 1050 1098 dedit;

220 1131 296 1195 'Nec
317 1153 377 1195 nos
399 1131 547 1213 sacrilegi
564 1129 691 1210 templis
713 1125 911 1193 admovimus
933 1126 1045 1208 ignea,

287 1232 358 1294 Nec
380 1251 438 1291 cor
460 1228 632 1292 sollicitant
653 1228 738 1290 facta
761 1227 894 1290 nefanda
918 1247 1038 1302 mcum;

205 1315 299 1395 xNee
320 1352 380 1394 nos
398 1331 528 1393 insanae
550 1329 734 1392 meditantes
756 1328 860 1411 iurgia
882 1326 994 1390 mentis

290 1431 391 1511 Impia
413 1432 621 1501 in-adversos
642 1428 796 1495 solvimus
820 1450 877 1491 ora
901 1431 1002 1492 deos:

176 1599 179 1602 ,
227 1535 273 1595 Et
293 1534 432 1595 nondum
455 1531 526 1594 cani
546 1531 658 1613 nigros
680 1531 802 1594 laesere
825 1530 997 1610 capillos„

262 1678 266 1685 „
289 1634 360 1695 Nec
384 1631 469 1694 veuit
491 1635 583 1694 tardo
606 1652 703 1693 curva
727 1643 852 1693 senecta
874 1634 973 1711 pede„

226 1734 373 1796 Natalem
395 1733 501 1814 primo
522 1744 666 1795 nostrum
689 1731 799 1794 videre
820 1743 989 1812 parentes,

291 1834 397 1914 Quom
421 1832 533 1895 cecidit
553 1834 623 1896 fato
646 1833 758 1896 eousul
781 1842 913 1913 uterque
934 1833 1018 1913 pari.

207 1936 312 2015 -Quid
332 1936 479 1998 fraudare
501 1934 589 1996 iuvat
613 1934 705 1996 vitem
728 1932 945 2008 crescentibus
967 1932 1040 1995 ravis

220 2086 228 2099 Ι
289 2040 334 2099 Et
355 2037 452 2098 modo
475 2046 546 2097 nata
568 2036 648 2098 mala
672 2035 789 2096 vellere
811 2055 907 2115 poma
929 2035 1045 2098 manu?

225 2137 376 2211 Parcite,
400 2137 556 2216 pallentes
580 2138 677 2197 aindas
696 2135 881 2218 'quicunque
903 2135 1017 2197 tenetis

288 2239 442 2321 Duraque
459 2235 569 2298 'sortiti
591 2235 685 2301 tertia
707 2256 807 2318 regna
830 2235 894 2301 dei.
954 2256 956 2261 ⁴

225 2339 354 2418 Elysios
377 2337 454 2401 olim
474 2337 566 2400 liceat
588 2357 788 2421 cognoscere
811 2356 961 2417 campos⁴

287 2439 528 2522 Lethaeamque
550 2451 652 2501 ratem
676 2436 930 2519 Cimmeriosque
951 2437 1059 2511 laeua,

228 2541 334 2619 Quom
357 2560 425 2601 mea
447 2560 568 2622 rugosa
590 2539 753 2620 pallebunt
776 2559 840 2609 ora„
856 2550 984 2601 senecta

290 2641 336 2701 Et
356 2639 494 2701 referam
515 2638 623 2720 pueris
644 2649 792 2720 tempora
812 2639 919 2720 prisea
941 2635 1049 2703 senen.

225 2740 335 2822 Atque
357 2740 477 2803 utinam·
498 2761 582 2802 vano
605 2738 819 2822 nequidquam
841 2752 965 2811 terrear
987 2745 1098 2803 aestu!

288 2843 459 2923 Languent
481 2850 531 2903 ter
553 2839 668 2923 quinos
690 2843 747 2904 sed
770 2862 839 2904 mea
859 2844 999 2915 membra
1022 2843 1099 2905 dies.

226 2943 272 3003 At
293 2940 388 3003 vobis
411 2944 536 3003 Tuscae
558 2940 763 3003 celebrantur
784 2942 908 3004 numina
930 2944 1079 3025 lymphae
1135 2966 1144 2970 ·

289 3044 332 3103 Et
353 3040 456 3105 facilis
478 3043 560 3104 lenta
582 3041 712 3123 pellitur
733 3045 814 3103 unda
838 3064 944 3107 manu.
1003 3068 1016 3079 ·

170 3191 176 3203 ,
226 3143 336 3206 Viuite
357 3140 486 3219 felices,
509 3164 667 3207 memores
690 3154 721 3205 et
744 3142 843 3206 vivite
866 3145 984 3220 nostri,

288 3245 362 3306 Sive
386 3245 502 3306 erimus
525 3266 582 3306 seu
604 3265 663 3307 nos
685 3246 766 3307 Fata
787 3243 887 3308 fuisse
911 3248 1034 3317 uolent.

225 3347 352 3407 Interea
374 3344 484 3427 nigras
507 3348 645 3426 pecudes
668 3345 847 3428 promittite
869 3348 937 3410 Diti

289 3447 334 3507 Et
356 3444 440 3509 nivei
461 3445 551 3508 lactis
573 3449 688 3528 pocula
713 3448 810 3510 mixta
833 3469 934 3512 mero.

276 3666 300 3710 3.
316 3668 439 3724 proximu
457 3669 553 3723 Sciopp.
574 3662 655 3712 Heius.
682 3671 754 3724 vulp.
777 3669 849 3714 Nune
868 3684 980 3730 aequum
998 3695 1013 3707 ··
1031 3670 1117 3716 uranio
1136 3674 1166 3716 V.
1188 3677 1254 3723 coni.
1280 3678 1332 3720 Gon·

224 3742 289 3780 strue
309 3749 362 3779 cum
383 3736 487 3780 llaschlt.
511 3735 598 3790 „acutia
615 3737 732 3781 inaximo
751 3740 837 3783 ancria
855 3738 967 3799 lyaupltia
988 3736 1225 3799 Baiarum,'’'quae
1245 3750 1333 3800 propter

223 3805 329 3859 lymphas
344 3804 453 3848 salubres
471 3807 573 3848 maxime
588 3807 732 3851 celebratur.
771 3805 795 3850 7.
812 3809 915 3865 piorum
933 3810 1002 3862 uati,
1021 3808 1082 3853 Exc.
1102 3810 1211 3866 cointii,
1234 3813 1332 3858 llusehlt.

222 3873 324 3916 Plurimi
345 3872 438 3916 Codd.:
461 3873 626 3928 -deorum,
658 3877 739 3931 sicque
757 3875 876 3931 Lachtu.,
907 3876 972 3921 nulli
992 3875 1124 3934 sententit;
1143 3892 1163 3934 p
1182 3885 1266 3926 autem
1285 3879 1334 3926 etd

221 3942 363 3995 saepissime
379 3942 554 3987 contunduntur
571 3943 594 3985 iu
615 3943 674 3986 Gdd.
694 3943 756 3997 Atii,
777 3950 803 3988 ut
820 3949 874 3990 edd.
897 3948 1029 4003 pleraeque
1044 3948 1156 3990 virorum
1175 3950 1207 3992 V.
1229 3950 1261 3993 tt.
1280 3950 1334 4007 qnod

221 4011 310 4054 rectius
329 4010 408 4065 utique
428 4011 540 4068 haberet,
573 4012 594 4052 si
608 4023 686 4052 acero
702 4010 844 4056 laudandae
872 4020 953 4058 esseut
973 4011 1034 4058 r'itus
1055 4012 1141 4058 Bonae
1177 4015 1267 4070 Dece,
1298 4031 1335 4061 nee

221 4095 279 4125 vero
293 4078 370 4131 potius
389 4074 488 4135 Cereris
507 4092 534 4120 ac
550 4075 674 4129 Liberue;
693 4078 736 4121 bae
756 4082 819 4122 euim
838 4080 947 4145 σεμναὶ
962 4079 1045 4136 baal,
1065 4085 1168 4128 v.·Scal.
1190 4090 1215 4128 et
1234 4086 1333 4130 Huacblt.

221 4148 327 4210 (τίμιοι
353 4141 429 4193 θεῶν
447 4146 518 4188 Piud.
539 4144 580 4187 01.
600 4140 631 4194 2,
661 4141 722 4188 11¹1.
742 4145 781 4187 vix
799 4147 844 4192 hue
863 4150 1003 4205 pertinent.)
1039 4152 1089 4195 Pro
1107 4151 1275 4209 laudandos,
1298 4167 1335 4197 ee-

222 4216 312 4261 mme
331 4213 405 4258 ruse.
462 4210 486 4254 a.
506 4223 609 4254 comm
628 4208 715 4267 sacra]
734 4213 765 4255 v.
783 4204 884 4276 cantui
904 4215 945 4262 to.
965 4220 1026 4266 araca
1044 4231 1057 4265 e
1075 4221 1120 4269 cu.
1138 4222 1186 4284 tc,
1204 4224 1276 4268 cutus
1292 4235 1337 4282 211·-¹
