2762 4762
595 336 648 399 75.

63 434 242 500 Heraclitus
264 455 341 519 ego.
387 433 471 514 Quid
494 433 612 499 inertes
634 434 808 519 deprimitis
830 436 904 502 ure?
1004 451 1007 461 “

124 541 198 604 Non
223 537 334 611 vobis,
360 538 463 600 doctis
486 540 540 599 aed
563 541 653 599 datm
674 537 736 600 inte
758 539 863 603 labor.
939 568 942 573 >

62 640 148 704 Unus
170 641 269 702 homo
292 639 363 719 plus
386 638 470 700 mille
494 637 589 713 milri3
623 649 673 702 tot
695 639 778 701 milia
804 661 910 705 neruo.

123 741 198 804 Hoc
220 741 339 824 loquor
363 738 395 802 in
418 760 522 824 regno
544 761 627 802 utine
649 761 777 823 quoquc
799 743 1039 824 Persephones.

591 907 644 969 76.

62 1023 263 1087 Heracliteoe
285 1025 443 1105 Epheseia
465 1023 584 1105 scripta
609 1024 736 1089 labores

122 1129 171 1188 Ne
194 1126 275 1188 citus
298 1127 337 1187 ad
359 1126 476 1190 calcem
499 1127 615 1199 volve;
639 1126 770 1189 molesta
795 1126 843 1189 via
867 1139 927 1192 est.

65 1227 176 1291 Omnia
198 1227 457 1290 sunt'tenebrae.
503 1227 615 1309 Magis
637 1227 715 1289 haec
737 1230 793 1289 scd
815 1229 917 1293 lucida
939 1230 1008 1293 sole

121 1327 284 1403 Inveniet,
311 1339 410 1406 mysta
433 1327 487 1411 qui
510 1330 591 1390 duee
613 1328 716 1411 carpit
737 1329 811 1394 iter.

576 1494 643 1557 77.

65 1613 185 1675 Saxeus
208 1611 297 1675 orbis
320 1632 438 1688 eram„
452 1612 575 1675 minima
599 1633 659 1685 neo
679 1622 772 1695 parte
795 1613 951 1694 minutue,

123 1715 185 1775 Hic
208 1713 365 1775 Heracliti
387 1735 483 1796 quom
506 1736 647 1794 posuere
669 1727 786 1796 caput:

61 1815 106 1876 At
128 1836 211 1878 urum
233 1814 369 1876 littoreis
391 1837 458 1876 erim
483 1815 590 1877 tritior
613 1837 686 1877 ecce
709 1817 847 1899 lapillis,

102 1916 230 1996 Quippe
247 1906 423 1977 'iuventutis
446 1936 494 1977 me
518 1927 589 1978 ruta
613 1918 708 1979 multa
731 1917 865 1997 promit.

61 2014 182 2097 (lippus
205 2017 307 2078 abest.
351 2016 482 2099 Aliquid
505 2037 620 2080 moneo
645 2029 746 2079 tamen
771 2018 865 2091 utile,
890 2039 951 2098 pru
975 2041 1024 2082 me
1102 1999 1109 2011 ⁸

123 2118 205 2179 Nam
228 2117 393 2201 loquitur,
415 2118 570 2200 populum
593 2117 648 2200 qui
670 2119 786 2198 latrat,
810 2119 869 2180 iste
891 2119 989 2183 cauis.

593 2283 646 2348 78.

59 2404 154 2466 Nunc
175 2404 298 2487 magis,
322 2402 504 2492 Heraclito,
527 2412 584 2466 tuo
607 2424 706 2486 quiam
722 2413 887 2485 tempore,
914 2403 1009 2467 vitam

121 2507 201 2581 Fle,
223 2526 362 2586 precoc3
385 2517 432 2567 est
457 2505 569 2567 etenim
592 2525 675 2566 ucinc
697 2505 920 2568 miserabilior.

59 2607 110 2668 Tu
133 2627 262 2689 quoque
284 2627 367 2668 nuno
388 2607 472 2669 illam
495 2606 613 2687 magis,
638 2626 658 2668 ο
682 2606 887 2686 Democrite,
912 2607 998 2681 ridc;

122 2709 204 2769 Nam
228 2708 293 2769 risu
318 2729 475 2791 nunquam
499 2706 628 2789 dignior
649 2702 699 2769 illa
724 2708 795 2770 luit.

57 2801 132 2872 Vo's
154 2830 218 2891 ego
241 2812 296 2871 scd
319 2821 464 2889 spectans
485 2810 537 2881 hle
559 2809 699 2882 haereo,
725 2810 889 2891 quomodo
912 2809 1030 2890 possim

121 2913 171 2974 Te
193 2906 328 2972 ridendo
350 2908 464 2993 sequi,
487 2920 519 2972 te
541 2909 735 2972 lacrimando
758 2909 862 2992 ecqui.

590 3074 643 3138 79.

58 3188 288 3276 Persephone,
314 3215 500 3278 quamquam
524 3215 639 3277 regnas
662 3184 766 3255 ridere
787 3203 940 3276 negantes

112 3297 161 3359 *In
184 3297 352 3378 populos„
366 3297 497 3357 animam
520 3297 643 3376 eriscipe
666 3294 844 3357 Democriti
857 3337 868 3369 ,
881 3321 890 3371 '.

58 3398 227 3460 Ridentcm
251 3397 388 3478 placide.
433 3400 539 3476 Quom
564 3399 602 3459 de
624 3407 656 3458 te
679 3407 794 3458 maesta
817 3396 959 3473 doleret,

118 3500 198 3580 Ipsa
222 3510 274 3562 tua
297 3498 410 3561 inflexa
435 3510 481 3561 est
503 3497 618 3587 risibus
641 3498 719 3559 aliua
743 3518 872 3579 parcns.

233 3670 294 3715 Nem
312 3672 359 3714 vite
378 3676 413 3716 est
432 3671 482 3714 risu
501 3684 562 3714 nuuc
580 3682 648 3726 muge
667 3670 807 3725 dignutuo.

198 3739 251 3795 lpse
270 3741 353 3784 crubor
372 3740 460 3785 imitari
479 3754 554 3793 aveo,
574 3740 704 3794 tacitusque
723 3740 822 3792 voluto,

234 3809 279 3866 Qui
298 3810 388 3866 possim
406 3811 481 3854 ristun
499 3810 598 3868 iungere
619 3820 672 3852 cum
690 3807 806 3851 lacrimis.

130 3942 174 4004 79]
192 3945 320 3993 Cnolrhius
337 3946 392 3992 nic:

198 4015 367 4070 Persephone,
386 4019 497 4070 expertes
514 4016 584 4069 risu,
603 4015 661 4066 den,
681 4027 741 4072 quere
759 4013 825 4071 regis
844 4011 954 4067 erubrus,

231 4084 356 4128 Rideutem
375 4084 455 4138 bona,
476 4085 524 4138 sis,
545 4084 624 4139 accipe
643 4083 816 4131 Democritum,

197 4151 229 4197 Et
248 4157 301 4206 tua,
322 4157 344 4196 te
362 4156 467 4207 aminea,
488 4153 576 4205 inicere
595 4167 664 4210 quoru
683 4151 917 4203 inuestndoleret,

236 4222 328 4273 Dicitur
346 4235 360 4267 a
378 4223 429 4267 risu
447 4221 508 4269 flexo
526 4221 601 4268 ferinae
620 4235 718 4278 percus.

1157 2810 1177 2872 5
