2762 4762
535 367 665 412 'rituum

211 462 311 542 Queie
334 462 515 541 desideriis,
540 438 718 530 ahirniser!
742 468 891 530 aestuas?

211 566 430 649 Praegnentes
452 565 549 629 veluti
569 566 641 648 pica
664 567 773 649 coquit
795 590 871 645 sana,

295 668 440 730 Mentem
464 688 563 749 prava
586 669 703 750 cupido

380 771 463 834 Atra
486 771 648 852 compede,
660 771 804 835 fascinat.

542 935 661 980 roera.

211 1031 351 1094 Haurire
374 1004 518 1114 lymphas
540 1036 619 1113 (urit
640 1034 720 1096 enirn
743 1035 822 1114 sitis)

211 1133 297 1197 Hine
320 1144 425 1215 optem
449 1146 481 1198 et
504 1137 596 1200 Osco·
616 1156 707 1199 more
729 1136 870 1200 seniliter
893 1138 896 1145 '

294 1234 450 1301 Bacchari
472 1247 503 1299 et
525 1237 670 1321 antiquos
694 1238 819 1300 caducis

380 1338 506 1401 Eruere
529 1358 569 1400 ex
591 1338 717 1402 tumulis
740 1341 866 1420 poe‘tae.

538 1482 667 1527 ΊῊΔΙᾸΛ.

214 1580 313 1643 Malis
337 1582 423 1643 labra
446 1601 542 1645 sacro
563 1579 690 1664 tingere
711 1579 855 1659 flumine,

215 1682 313 1765 Quod
333 1681 399 1742 iixel
422 1681 529 1744 elicuit
551 1681 696 1765 Pegasus
719 1683 858 1765 ungulei:

297 1762 341 1847 lit
363 1783 481 1863 spumis
506 1784 677 1867 Aganippe

383 1885 520 1947 Nostrae
543 1885 708 1948 subsiliens
728 1884 855 1948 fremit!

542 2027 660 2096 roden.

212 2134 320 2226 ¹Quam
343 2144 434 2208 dulce
456 2147 565 2210 Flacci
587 2149 627 2208 mi
650 2124 752 2229 sapiat
775 2168 916 2223 merom,

214 2247 282 2309 Scis
305 2247 392 2327 ipsa,
417 2250 474 2310 sed
495 2269 577 2310 natue
599 2248 734 2311 Pacuvii
755 2249 896 2328 scyphos

302 2346 420 2411 Oreais
444 2349 591 2411 Atellana
613 2352 723 2411 suadet

384 2450 427 2512 Et
449 2449 585 2532 tepidam
608 2449 706 2523 Matii
728 2451 886 2532 lagenam.

539 2595 667 2639 ‘tunnis

216 2696 347 2757 Verbo:
372 2686 497 2775 seruper
513 2706 603 2755 'arnas
626 2694 736 2771 devia,
762 2694 870 2756 niteris

215 2797 378 2877 Praeceps
400 2795 430 2856 in
456 2794 602 2857 vetittun:
627 2795 653 2854 si
676 2795 771 2857 lituos
795 2796 894 2856 leram
974 2866 979 2877 ι

300 2897 403 2968 Enni,
428 2884 593 2970 ler'mihi,
618 2894 720 2971 dices,
779 2911 781 2915 ’

383 2997 513 3061 Claram
536 2994 667 3078 Virgilii
689 2999 809 3059 tubam.

468 3104 472 3113 ’
544 3117 663 3207 roden.

217 3243 247 3305 0
271 3241 373 3316 Diva,
399 3262 557 3325 nunquam
580 3240 717 3303 senseris
740 3241 871 3321 amplius

217 3342 506 3426 inobsequentem:
531 3343 615 3421 (iuro
638 3364 696 3424 per
718 3342 828 3425 igneas
855 3344 859 3354 ’

300 3444 427 3507 Phoebi
450 3444 613 3527 sagittasl)
637 3456 708 3506 ante
731 3444 853 3507 dulcem
1126 3443 1165 3504 35

386 3548 449 3607 Sed
471 3545 538 3608 sinc
560 3566 608 3607 me
631 3546 739 3608 furere
762 3546 846 3606 hunc
866 3544 1023 3608 furorem.

1139 3684 1147 3711 i

122 3746 162 3792 tt.
189 3744 283 3807 pico]''
309 3748 337 3807 de
361 3749 496 3805 appetentia
520 3748 606 3792 vitiosa
630 3748 692 3791 dicta
715 3747 809 3803 videtur
833 3760 847 3788 a
871 3745 1048 3799 recentioribus
1072 3747 1168 3790 demum

52 3816 166 3870 medicis,
195 3804 235 3875 (iil
247 3804 339 3864 'icitia
358 3821 381 3859 el
398 3813 500 3864 κιττᾶν
518 3818 553 3860 sic
571 3815 739 3870 expressere.”
758 3815 879 3859 Gesnerus
899 3815 922 3856 in
941 3812 1016 3859 Thes.
1055 3808 1097 3858 40.
1117 3814 1168 3858 ‘1⁸0-

53 3889 99 3928 tum
122 3888 167 3929 laec
192 3899 286 3930 cerasten
314 3883 469 3943 (Poenarum
487 3885 558 3932 Τοιη.
582 3887 615 3929 ll.
636 3900 658 3939 p.
680 3880 739 3929 22³.
760 3884 875 3928 Coloniae
895 3880 985 3938 1660.)
1004 3884 1168 3936 explicandum

53 3957 88 3996 eti
105 3955 193 3998 esurire
207 3958 233 3997 et
247 3950 386 4010 pleroinqtr'e
406 3953 510 4007 infelici,
531 3964 577 4010 que
595 3953 712 4012 flagrabat
730 3955 818 4009 polita,
838 3953 917 3996 studio
936 3951 1025 3995 oseem
1042 3952 1126 4005 poesin
1145 3953 1169 3994 in

53 4024 124 4066 vitam
141 4024 286 4066 reverendi:
318 4024 360 4065 sed
378 4023 543 4079 scaligerum,
568 4024 607 4079 qui
627 4036 685 4067 unns
709 4024 732 4068 iu
751 4023 831 4078 prisea
853 4021 980 4067 Latinitate
998 4021 1062 4066 velot
1079 4021 1169 4065 insten-

54 4092 126 4134 rands
144 4094 168 4134 et
184 4094 314 4135 recreanda
333 4090 459 4151 eneelluit,
478 4091 552 4135 Baldo
567 4093 663 4136 animine
682 4091 854 4149 aequiparavit.
891 4089 944 4133 Hoc
962 4093 986 4133 et
1002 4090 1049 4135 dno
1069 4101 1168 4145 sequen·

55 4158 85 4200 lia
104 4161 209 4203 camnine
228 4160 251 4202 ln
270 4156 367 4203 Detecto
387 4136 430 4201 iu‘e
458 4159 540 4201 omisit
556 4160 770 4213 patruelis'meos.
814 4158 889 4212 Mihi,
916 4158 979 4213 quod
997 4158 1026 4201 ad
1045 4170 1171 4214 argumen-

57 4228 104 4270 tum
123 4229 207 4271 saltem
225 4230 323 4285 attinet,
337 4227 558 4291 ‘pl-aestuantibus
575 4231 750 4275 adunaret-eada
768 4227 917 4272 uidebantur.
