2736 4748
207 174 280 281 261ι
318 116 327 130 ⁶

207 331 357 407 Vindex,
380 326 537 405 illelmi,
561 327 666 413 legum
688 326 831 412 iurisque
852 338 1015 414 togaeque

206 435 342 499 Publica
363 455 431 496 vox
452 431 556 496 saevis
578 441 739 493 aeternum
763 431 920 492 obmutuit
942 431 1052 494 armis.
1277 431 1310 494 15

154 611 161 622 Ι
206 535 369 599 informes
392 530 500 597 voltus
521 553 727 614 sparsamque
750 553 866 595 eruore
888 533 1027 595 ociando
1058 580 1061 595 .

207 636 365 702 Canitiem
387 656 557 717 sacrasque
579 656 689 696 manns
712 654 910 716 operumque
934 632 1092 696 ministras

207 741 387 801 Tantorum
409 736 545 819 pedibus
567 735 646 799 civis
668 734 811 816 proiecta
833 735 979 815 superbis

206 838 417 904 Proculcauit
438 859 539 903 ovans
560 859 619 901 uec
640 830 763 898 lubrica
785 835 850 898 sata
873 839 1014 919 deosque

206 940 376 1022 Respexit.
421 940 521 1003 Nullo
542 939 608 1001 luet
629 941 693 1002 hoc
714 937 875 1002 Autouius
898 960 994 1003 aevo.

205 1044 283 1106 Hoc
304 1063 364 1104 nee
384 1040 417 1103 iu
439 1040 591 1105 Emathio
613 1039 695 1102 mitis
718 1039 854 1102 victoria
877 1042 998 1116 Perse,
1135 1105 1138 1109 ,

206 1146 277 1208 Nec
299 1155 347 1219 te,
372 1142 440 1207 dire
463 1142 616 1223 Syphax,
640 1162 703 1203 non
726 1140 804 1203 iecit
825 1141 857 1204 in
879 1143 972 1206 hoste
993 1142 1170 1226 Philipp03

206 1245 309 1327 Inque
329 1243 527 1325 triumphato
549 1241 684 1304 ludibria
706 1254 817 1303 cimela
841 1242 995 1325 Iugurtha

206 1345 394 1410 Ahsuerunt
415 1354 610 1426 nostraeque
631 1345 748 1405 cadens
766 1343 857 1406 fertus
879 1345 1038 1408 Hannibal
1060 1345 1126 1409 irae

202 1447 359 1510 'Membra
381 1456 486 1508 tamen
507 1445 635 1529 Stygias
657 1445 728 1507 tulit
749 1443 902 1509 inviolata
924 1450 984 1509 sub
1007 1449 1148 1512 umbras.
1281 1449 1318 1512 25

267 1642 353 1706 xri.
396 1641 439 1704 ιη
461 1637 640 1702 arterium
661 1641 858 1705 caesarem.
899 1592 1051 1718 innuo.
1073 1641 1117 1704 L.
1142 1641 1175 1703 e.
1200 1641 1264 1719 na.)

206 1776 349 1858 Adspice
370 1775 497 1839 felicem
519 1776 599 1850 sibi,
623 1797 687 1840 nen
709 1776 784 1853 tibi,
810 1778 968 1852 Romule,
993 1778 1137 1855 Sullam,

270 1881 315 1942 Et
335 1878 498 1953 Marium,
522 1877 550 1940 si
571 1878 637 1951 vis,
664 1878 808 1959 adspice,
832 1882 890 1941 scd
910 1882 1072 1947 reducem.

207 1982 365 2044 Necnon
388 1978 512 2042 Antoni
535 1978 640 2042 civilia
663 1980 746 2041 bella
771 1979 944 2055 moventis,

270 2082 343 2144 Nec
365 2080 462 2143 semel
483 2079 615 2143 iniectas
637 2081 765 2161 adspice
787 2084 884 2143 caede
907 2101 1035 2145 suanus:

207 2183 251 2247 Et
274 2181 344 2257 elic,
368 2183 474 2248 Roma
495 2181 595 2263 perit;
617 2183 765 2264 reguabit
786 2182 938 2264 sanguine
960 2183 1080 2261 multo,
1302 2184 1320 2246 5

270 2285 326 2348 Ad
346 2304 481 2367 regnum
504 2282 647 2367 quisquis
669 2281 757 2346 venit
779 2285 818 2344 ab
841 2283 952 2348 exilio.

270 2478 373 2544 Xffl.
417 2477 615 2542 Germanici
636 2478 797 2542 Caesarie
817 2478 865 2539 ad
885 2479 1046 2542 Hectoris
1073 2482 1256 2542 tumulum.
1357 2464 1358 2479 ¹

580 2581 730 2658 (Anthol.
754 2582 797 2643 L.
822 2582 853 2644 1.
880 2581 968 2660 103.)

207 2715 327 2783 Martia
350 2715 542 2801 progenies,
567 2718 715 2793 Hector,
739 2749 780 2763 -
803 2717 915 2780 tellure
937 2721 996 2781 sub
1017 2718 1080 2784 ima

269 2821 333 2883 Fas
356 2819 465 2881 audire
487 2831 590 2882 tamen
612 2820 639 2881 si
662 2841 728 2893 mea
751 2821 849 2884 verba
873 2819 930 2882 tibi
948 2857 989 2870 -—

206 2921 366 3002 Respira,
391 2921 539 3004 quoniam
564 2921 681 2983 vindex
704 2922 761 2983 tibi
784 2921 918 3004 contigit
940 2924 1053 2999 heres,

273 3022 335 3101 Qui
357 3022 479 3105 patriae
500 3024 613 3088 samam
637 3023 784 3104 proferat
806 3045 907 3106 usquc
930 3035 1015 3088 tuae.

207 3122 288 3186 Ilios
310 3145 349 3186 en
372 3127 474 3205 surgit
496 3145 621 3185 rurstuu
645 3124 768 3197 inclita3
794 3146 869 3208 gens
894 3125 970 3188 colit
992 3110 1116 3203 illam,
1306 3125 1325 3187 5

271 3225 321 3286 Te
343 3226 453 3288 Marte
475 3220 629 3301 inferior,
654 3226 773 3288 Martis
798 3224 896 3289 amira
918 3239 1035 3291 tamen.

206 3324 429 3407 Myrmidonas
450 3324 584 3407 periisse
607 3347 717 3389 omues
740 3327 807 3403 dic,
833 3331 978 3407 Hector,
1002 3331 1140 3410 Achilli,

271 3424 470 3492 Thessaliam
493 3436 526 3489 et
548 3427 671 3511 magnis
694 3449 763 3492 esse
785 3433 844 3495 sub
866 3434 1042 3500 Aeneadis.

276 3652 345 3696 Xlll.
366 3651 390 3699 le.
405 3651 615 3714 proferet1Pith.
634 3657 717 3701 Heius.
734 3656 868 3717 praeferet
885 3662 968 3707 Burm.
1007 3663 1120 3708 Ceterum
1138 3665 1325 3709 conver-sument

207 3721 238 3767 ab
257 3721 316 3764 italo
329 3723 438 3783 aliquod,
459 3730 484 3769 ut
501 3731 575 3781 pulo,
596 3740 625 3770 ex
643 3727 801 3785 Authologiae
819 3730 898 3778 Palat.
918 3732 948 3783 Τ,
970 3728 995 3779 2.
1015 3746 1039 3787 p.
1062 3731 1121 3781 1³8.
1140 3734 1171 3779 tt.
1193 3730 1255 3779 387.

273 3855 395 3933 Ἕκτορ,
414 3857 526 3936 Ἀρήϊον
544 3861 637 3933 αἷμα,
657 3866 734 3920 κατὰ
751 3867 863 3934 χὲιοιός
880 3869 910 3922 εἴ
923 3887 981 3924 που
999 3867 1138 3938 ἀκούεις,

345 3933 439 4002 Χαῖρε
456 3935 508 3984 καὶ
523 3928 696 3999 ἄμπνευσον
712 3936 802 4001 βαιὸν
820 3935 894 4011 ὑπὲρ
912 3941 1060 4011 πατρίδος.

270 3990 362 4049 Ἥιον
380 4004 505 4051 οἰκεῖται
523 4001 621 4067 κλεινὴ
640 4005 744 4067 πόλις,
763 4003 874 4080 ἄνδρας
892 4004 1012 4072 ἔχουσαἢ

345 4066 413 4146 Zeti!
424 4066 479 4133 μὲν
496 4064 741 4186 ἁᾳζαυςοιέρους,
761 4072 821 4132 ἀλλ’
841 4073 884 4129 ἔτ’
904 4077 1091 4150 ἀρηϊφίλους.

276 4132 463 4199 Μυρμιδοιες
480 4131 504 4183 δ’
522 4136 582 4186 aad
602 4151 680 4187 οντο.
715 4142 891 4213 Παρίστασο
909 4149 961 4199 καὶ
978 4144 1037 4216 λέγ’
1055 4145 1171 4213 Ἀχιλλεῖ

345 4199 514 4269 Θεσσαλίην
531 4204 648 4259 esteten
665 4207 764 4263 πᾶσαν
782 4207 831 4266 ὑπ’
846 4212 1012 4280 directione.
