2750 4744
1128 229 1193 293 eut

72 397 127 436 nunt
143 393 171 434 de
198 385 262 435 bello
284 388 377 437 Punico
400 390 520 443 secundo,
550 396 726 448 provocantque
747 392 775 435 nd
793 378 908 435 Poeciuin
929 391 1048 437 Licinium
1067 405 1106 448 ep.
1127 392 1192 440 cett.

74 459 120 515 17,
139 458 182 503 21.
227 457 335 503 Poenico
359 458 423 503 dello
441 456 552 503 secundo
573 454 650 503 Musa
668 460 776 517 pinnato
793 459 878 520 gradu
895 459 984 505 Intulit
1000 474 1028 505 ee
1046 460 1194 507 bellicosum

71 531 98 573 in
113 528 211 573 llosnuli
232 534 332 588 gentem
346 524 446 587 seram.
486 526 528 575 tl.
549 528 616 571 scire
634 527 703 573 dece.
723 530 777 573 tlt.
797 530 905 584 Respicit
922 531 952 574 ad
969 530 1057 590 fragm.
1075 533 1194 576 orationis
1266 538 1271 549 '

70 600 214 642 Catonianae
233 611 279 652 pro
296 597 473 641 Rhodiensibus
490 609 529 652 ep.
553 596 617 642 Geli.
640 594 672 652 7,
694 594 718 651 3,
739 595 782 643 53.
818 601 911 643 Versus
928 599 1055 654 permultis
1073 602 1194 646 coniectu-

70 670 104 712 nis
119 667 267 711 (triticorum
275 672 373 710 vexatus
385 698 392 720 ‚
412 679 512 723 querum
522 667 587 709 nulle
606 665 740 721 prebebilis
757 672 808 725 est3
828 668 874 712 nisi
888 670 1001 713 convenit
1010 682 1063 713 cuin
1074 670 1191 717 Weensd.

69 737 211 782 insolentius
231 737 319 779 dictum
335 735 439 790 accipies
458 749 502 790 pro
520 735 663 788 concurrit,
684 734 799 798 confligit
809 768 816 791 ,
847 737 882 780 ite
899 741 925 780 ut
939 737 1013 782 turba
1029 737 1119 797 rigens
1143 737 1192 790 (te-

69 819 133 866 gens
157 802 227 861 nte.)
251 804 300 850 sint
322 818 388 860 epes.
426 804 503 848 Aedos
530 804 630 848 iunonis
647 801 764 848 Monetae
782 819 805 849 e.
826 819 850 849 u.
870 819 892 849 c.
913 802 971 852 405.
1000 811 1055 850 vote
1074 812 1111 851 cst
1127 815 1142 852 e
1161 805 1192 852 1..

70 876 144 919 Furio
171 874 275 918 Gumillo
299 888 327 918 ec
344 873 427 930 ‘posite
445 875 470 917 iu
491 887 548 918 eree
568 875 654 917 doinus
674 874 710 918 M.
731 874 817 918 Manlii
835 873 975 933 Capitolini.
1025 871 1067 920 55.
1086 874 1133 920 Ast
1150 875 1194 920 nti

67 959 123 1003 pax
139 943 204 987 Pith.
231 944 352 990 Schwenz.
374 966 406 977 —
424 939 470 986 Aet
488 941 530 986 nbi
542 955 600 1000 pax
619 955 642 986 e.
662 956 685 986 r.
705 955 728 987 ο.
748 942 862 987 ludorum
880 943 958 988 Bouh.
1000 941 1044 990 ⁵6.
1056 940 1192 1003 fraterque

70 1014 126 1058 illd.
146 1036 175 1046 ·-
198 1017 324 1071 materque
342 1011 408 1056 Pith.
428 1011 506 1055 Schw.
525 1012 610 1055 Burin.
639 1011 755 1056 Wcrnsd.
784 1012 892 1057 Pinetuli
919 1011 997 1056 Both.
1028 1014 1116 1059 coni:
1142 1027 1191 1070 pu-

69 1089 185 1141 tresque,
210 1095 281 1134 uem,
301 1086 327 1126 ut
343 1086 421 1124 metes
442 1081 470 1125 de
488 1093 545 1139 nege
563 1094 633 1134 epum
658 1080 703 1124 dici
725 1086 813 1138 queat,
834 1082 901 1125 valde
922 1093 1020 1126 vereor.
1057 1082 1125 1137 Apud
1139 1082 1192 1127 Pli-

69 1154 137 1197 uiuin
158 1149 222 1195 enim
249 1149 298 1203 11,
330 1147 372 1194 2⁴.
398 1164 458 1206 quae
479 1149 633 1193 crabronum
651 1155 746 1194 matres
773 1154 925 1205 opponuntur
945 1147 1089 1206 opificibus,
1120 1151 1191 1196 uobis

38 1247 41 1254 -
68 1227 126 1266 sunt
154 1219 196 1264 die
221 1217 355 1263 Drolinen.
377 1214 466 1277 frater
493 1218 522 1262 elu
549 1220 580 1262 iis
601 1223 651 1274 est,
680 1219 720 1276 qui
738 1221 841 1275 primam
861 1232 884 1263 u.
905 1224 994 1275 patres
1014 1219 1102 1263 elicubi
1123 1232 1146 1263 v.
1167 1234 1190 1264 c.

64 1291 142 1336 Ouid.
162 1290 223 1335 Met.
244 1286 274 1340 7,
294 1284 354 1333 160.
369 1288 472 1342 produci
491 1288 640 1346 ignorarent.
679 1285 721 1333 58..
742 1286 810 1333 Haec
825 1289 878 1332 Ale.
892 1287 984 1332 Eadem
1003 1288 1126 1346 distinguit
1138 1292 1195 1343 post

67 1359 175 1418 optimu.
232 1353 273 1402 60.
302 1356 376 1400 Metui
397 1357 508 1400 Aldinem
532 1358 659 1401 lectionem
680 1370 734 1401 eum
756 1359 840 1403 lacuna
858 1358 936 1401 denuo
955 1356 1068 1401 exhibere
1081 1388 1088 1411 ‚
1120 1371 1193 1414 quein

69 1429 138 1486 sequi
157 1427 283 1471 Pithoeum
299 1440 327 1470 ec
346 1425 453 1482 reliquos
471 1425 622 1479 scribentes,
643 1439 691 1469 nou
709 1438 768 1470 vero
790 1426 934 1481 explicantes
953 1425 990 1468 uti
1002 1424 1126 1484 quondam
1140 1424 1193 1484 Ly.

69 1498 118 1544 due
148 1496 207 1541 dum
236 1496 348 1554 Smyrna
376 1494 487 1551 peribat.
524 1492 691 1554 („Siguuliceui
718 1495 812 1539 videtur
838 1507 878 1539 ses
906 1495 988 1553 ignota
1014 1508 1092 1548 nunc,
1123 1495 1192 1540 cuius

67 1574 149 1612 teenen
167 1565 221 1608 fone
243 1565 289 1609 enit
306 1565 367 1618 epud
386 1565 502 1608 ilci-odot.
520 1562 544 1617 1,
570 1560 612 1609 16.
647 1563 709 1608 Vide
729 1566 819 1618 etiem,
851 1577 910 1621 quee
928 1562 1040 1607 iuPot‘t.
1061 1562 1190 1622 Gr.Eleg.

68 1651 92 1692 p.
121 1632 181 1679 415.
211 1647 279 1692 seqq.
310 1636 333 1677 in
353 1639 415 1685 ¹notu
441 1633 567 1688 exposui.''
600 1631 746 1692 Webeuue.)
805 1633 929 1680 Sieetv.
947 1645 999 1690 seq.
1018 1638 1100 1687 utpote
1120 1633 1144 1675 ln
1163 1646 1190 1676 ee

68 1718 173 1761 prorsus
191 1703 281 1748 ineerta
298 1716 352 1747 cuni
366 1702 427 1746 Aldu
446 1703 514 1746 dedi:
534 1701 606 1756 velit,
627 1703 688 1747 velie
702 1704 787 1748 Burin.
806 1703 881 1747 velint
892 1699 988 1759 reliqui.
1027 1699 1069 1746 ⁶2.
1089 1697 1191 1757 Caleno,

68 1789 118 1819 uon
146 1768 251 1816 Calenoe
275 1771 347 1817 hebet
373 1771 427 1815 Ald.
478 1767 520 1815 63.
546 1771 639 1816 Nostra
656 1773 685 1816 de
704 1773 768 1817 coni.
789 1773 929 1827 scripsimus
947 1776 1026 1815 tuere.
1063 1771 1147 1825 ,‚Fec,
1166 1776 1193 1814 ut

68 1847 138 1888 certe
154 1841 273 1896 Galenus,
294 1842 447 1885 dulcissimus
463 1841 563 1901 coniux,
583 1845 633 1884 tuto
651 1840 739 1900 degere
753 1842 829 1897 possit
848 1841 886 1887 vel
905 1841 997 1885 llomee
1017 1840 1055 1884 uel
1076 1842 1101 1885 in
1122 1853 1192 1895 pree·

69 1914 110 1957 dio
134 1910 252 1955 Sabino.'’
280 1916 362 1954 averte
379 1911 433 1954 ΑΜ.
456 1930 485 1941 -
506 1908 605 1954 adverte
623 1911 704 1955 Vinet.
725 1912 796 1966 prob.
816 1910 930 1954 Wernsd.
950 1932 983 1942 -
998 1909 1130 1966 pariterue
1149 1907 1192 1951 ob-

68 1986 138 2026 verte
156 1979 234 2024 Βοιὼ.
273 1976 314 2024 67.
334 1980 368 2023 ite
386 1980 440 2023 Ate.
458 1979 542 2023 Burin.
561 1979 605 2022 W.
623 1977 747 2038 dignetur
764 1983 789 2022 et
805 1975 862 2039 infit
879 1978 1000 2021 Schwerz.
1039 1974 1080 2021 65.
1100 1987 1191 2021 uacuos

67 2049 131 2094 mihi
150 2050 277 2106 legendum
291 2049 393 2093 uidetur.
438 2044 479 2091 66.
498 2044 565 2091 Hinc
584 2048 667 2092 Heius.
689 2049 766 2092 Schw.
789 2068 818 2080 ·-
837 2044 903 2090 Ecce
921 2047 1006 2090 Bunm.
1026 2046 1074 2100 „in
1087 2058 1147 2099 ore,
1168 2050 1194 2089 ut

68 2120 153 2163 Tacit.
172 2118 235 2162 flist.
256 2114 285 2171 3,
307 2114 348 2163 77.
385 2116 514 2161 Iulianum
533 2117 562 2161 in
578 2129 622 2161 ore
642 2114 738 2161 Vitellii
757 2116 899 2175 iugulatum
917 2114 1001 2159 dicit.”
1030 2114 1109 2160 Bouh.
1129 2116 1192 2170 quod

68 2189 116 2233 etsi
135 2187 215 2241 primo
233 2188 319 2231 intuitu
340 2187 473 2240 blanditer,
501 2185 552 2230 Dee
573 2190 652 2230 temen
669 2187 715 2231 tele
734 2187 894 2240 spectaculum
915 2184 955 2227 vix
976 2197 1062 2237 cupere
1087 2186 1190 2238 poteret.

68 2258 117 2302 cfr.
137 2257 224 2312 Eut-ip.
244 2257 339 2312 llippol.
363 2253 438 2301 1427.
466 2256 564 2300 Diana:
601 2250 671 2318 ἐμοὶ
692 2248 750 2322 γὰρ
780 2247 817 2303 οὗ
844 2249 929 2317 θέμις
951 2242 1114 2314 &derelicti
1142 2247 1191 2306 've

67 2319 135 2376 οὐδ’
153 2316 242 2389 ὄμμα
259 2324 391 2396 χραίνειν
407 2320 622 2389 donantnouant
639 2320 788 2384 ἐκπνοαῑς.
827 2319 868 2369 69.
887 2323 921 2367 ite
938 2322 1031 2366 nouza.
1050 2326 1093 2365 sca
1133 2321 1165 2365 lt.
