2772 4750
1119 136 1157 199 81

52 297 188 381 Namque
210 292 275 357 alid
296 316 337 358 ex
360 291 425 357 alio
448 293 626 358 clarescere
644 296 744 357 corde
768 291 921 356 videbant
1082 293 1163 357 tras

52 397 195 473 Artibus,
219 400 259 459 ad
281 419 434 460 summum
461 399 564 459 donee
588 417 705 459 venere
728 416 891 460 cacumen.

414 585 493 646 Lm.
517 583 582 645 Vl.
606 602 640 643 v.
666 582 795 657 1ὴ-95.

108 703 235 769 Primae
253 703 443 787 frugiparos
459 702 544 766 fetus
566 701 755 765 mortalibus
779 700 885 784 aegris

51 805 236 870 Dididerunt
259 810 419 892 quondam
441 805 612 887 praeclaro
638 803 767 867 nomine
791 804 936 866 Athenae

51 911 92 973 Et
111 921 338 973 recreaverunt
358 908 455 971 vitani
477 906 631 991 legesque
652 916 829 989 rogarunt3

49 1013 90 1075 Et
108 1010 229 1093 primae
249 1013 403 1074 dederunt
423 1008 539 1073 solatia
559 1006 663 1071 dulcia
683 1005 786 1082 vitae,

50 1114 150 1193 Quom
173 1134 312 1197 genuere
334 1099 439 1174 virum
458 1109 514 1173 tali
535 1133 606 1172 cum
627 1112 728 1174 corde
749 1120 931 1190 repertum,

50 1215 158 1279 Omnia
181 1214 326 1278 veridico
350 1213 407 1298 qui
428 1215 588 1298 quondam
612 1233 654 1275 ex
677 1232 735 1276 ore
758 1210 925 1293 proludit:

49 1317 169 1397 Quoius
191 1328 222 1380 et
245 1314 395 1379 exstincti
414 1326 551 1398 propter
574 1312 682 1376 divina
702 1324 831 1395 reperta

47 1419 220 1503 Divolgata
239 1430 329 1481 vetus
350 1417 412 1480 iam
436 1420 475 1479 ad
495 1417 617 1480 caelum
643 1414 749 1499 gloria
774 1414 891 1478 fertur.

105 1524 203 1598 Nam,
228 1542 324 1606 quom
347 1519 518 1594 viditate,
542 1522 583 1581 ad
602 1518 722 1583 victum
746 1539 826 1603 quae
845 1516 969 1602 flagitat
985 1540 1075 1595 usus,

50 1622 160 1688 Omnia
183 1623 245 1686 iam
269 1621 370 1685 ferme
392 1621 583 1686 mortalibus
606 1642 674 1684 esse
697 1630 826 1702 parata,
1121 1624 1161 1684 10

48 1726 101 1804 [Et
117 1748 175 1806 per
195 1721 276 1809 quae
299 1734 431 1805 possent
452 1722 549 1785 vitam
572 1721 747 1786 consistere
769 1732 866 1783 tutam
879 1720 923 1800 ;]ε

47 1826 174 1890 Divitiis
196 1824 343 1890 homines
365 1837 397 1888 et
418 1827 545 1888 honore
564 1837 595 1888 et
613 1824 705 1887 laude
724 1824 884 1906 potenteis

47 1929 184 1991 Affluere
203 1938 299 2013 atque
317 1929 403 1991 bona
424 1938 572 1990 natorum
594 1926 753 1990 excellere
776 1924 879 1999 sama;

44 2073 118 2129 polito
136 2073 210 2118 Viud.
232 2094 262 2104 —
279 2072 362 2129 polire
381 2072 426 2116 (ld.
441 2071 470 2115 C.
484 2071 530 2115 hv.
543 2071 574 2116 A.
587 2071 616 2115 L.
632 2072 661 2115 ll.
675 2071 753 2115 Alter.
775 2092 805 2102 -
822 2071 917 2128 politur
930 2072 973 2116 W.
988 2074 1052 2116 coni.
1065 2073 1159 2122 Eiebst.

47 2139 195 2198 [Etiamnunc
214 2143 340 2196 pristinum
358 2142 470 2186 iudicium
487 2142 595 2194 retineo,
620 2141 665 2185 etsi
687 2141 759 2185 etiam
776 2138 824 2194 R,
852 2154 923 2198 quum
941 2155 955 2184 a
974 2155 1011 2195 pr.
1030 2156 1101 2187 manu
1120 2144 1162 2188 ha.

46 2212 133 2254 buisset
146 2213 241 2271 polito,
267 2225 280 2264 a
299 2224 348 2255 see.
369 2225 402 2254 m.
423 2224 546 2265 superser.
567 2211 638 2254 habet
653 2211 748 2267 politus
772 2211 852 2266 sicque
876 2208 955 2253 firmet
970 2211 1043 2255 wau.
1065 2215 1160 2257 eoni.tt

47 2280 117 2328 Forb.
137 2281 286 2336 praelatam
302 2280 399 2337 politus
418 2280 480 2323 enim
500 2293 561 2322 naua
580 2281 683 2322 nondum
701 2280 759 2322 mihi
778 2280 869 2322 videtur
882 2292 1015 2337 congruere
1034 2295 1087 2325 eum
1100 2272 1159 2325 vera

46 2347 194 2407 Latinitate]
232 2347 308 2396 1151.
329 2350 407 2407 erigit
419 2349 494 2392 Codd.
510 2350 582 2393 etiam
594 2349 624 2392 C.
636 2349 666 2392 E.
678 2348 858 2392 Edd.vett.hv.
867 2347 944 2392 Alter.
959 2350 1031 2394 Wak.
1046 2375 1079 2384 —
1095 2351 1163 2395 eruit

45 2420 73 2463 Α.
85 2419 113 2467 1..
128 2421 158 2463 fl.
175 2423 201 2462 ut
213 2432 236 2462 v.
255 2415 329 2462 1388.
359 2418 492 2473 Utrobique
516 2419 579 2461 idem
604 2418 703 2461 verbum
722 2422 844 2473 praestare
864 2417 985 2468 arbitror:
1016 2433 1160 2477 quamquam

46 2489 102 2531 barad
122 2501 200 2546 nego,
228 2487 368 2532 Lucretium
390 2488 509 2539 interdum
534 2489 644 2530 consulto
662 2488 753 2530 similes
772 2499 855 2530 versus
874 2488 959 2531 leviter
978 2488 1158 2533 immolavisse:

46 2571 66 2601 r.
80 2571 100 2600 c.
112 2555 136 2611 2,
150 2553 211 2603 632.
231 2554 255 2610 5,
272 2553 347 2601 1311.
371 2554 513 2614 Terrifieue
526 2558 635 2612 cupitum
649 2557 786 2614 quatientes
798 2557 900 2599 numine
912 2554 1043 2617 (undique)
1054 2558 1158 2602 cristae.

45 2626 87 2670 Sed
97 2627 183 2670 horum
198 2627 244 2669 alia
256 2627 319 2669 ratio
332 2631 383 2680 est,
399 2639 474 2682 neque
484 2627 612 2669 audiendus
629 2627 669 2668 W.
681 2627 710 2667 sd
723 2639 745 2668 v.
762 2621 836 2668 1388.
852 2626 949 2678 „Carus
960 2631 1056 2680 noster,
1071 2628 1091 2670 si
1105 2628 1158 2684 quis

44 2697 102 2740 alius
120 2699 224 2752 denique
244 2697 349 2738 studiose
368 2696 529 2739 diversitatem
548 2695 663 2749 phraseos
682 2699 784 2738 sectatus
803 2695 865 2739 est.’'
893 2695 973 2750 ltaque
990 2694 1015 2737 h.
1034 2697 1050 2738 l.
1064 2690 1158 2753 quoque

42 2765 107 2809 eruit
125 2766 238 2819 praetuli.
270 2765 342 2818 „Non
361 2779 388 2809 ea
407 2769 497 2807 tantum
515 2765 713 2816 erur'dieuntur,
745 2777 804 2821 quae
822 2764 846 2805 in
865 2767 945 2808 terrae
965 2764 1157 2809 lntentviseeri·

43 2834 99 2888 bus,
119 2837 162 2879 sed
183 2838 207 2878 et
224 2834 282 2887 illa,
303 2848 362 2890 quae
380 2835 404 2877 in
422 2834 503 2877 abdito
522 2838 577 2876 sunt
595 2833 744 2876 recondita.”
764 2832 873 2877 Oudend.
888 2835 916 2875 ad
927 2833 1014 2886 Appul.
1028 2834 1051 2876 1.
1064 2847 1086 2888 p.
1097 2831 1156 2878 470.

44 2900 118 2948 1455.
137 2906 179 2948 Sie
198 2903 258 2951 Cdd.
279 2905 385 2960 plerique
404 2904 475 2946 etiam
494 2903 523 2950 C.
542 2902 573 2950 E.
596 2902 657 2945 Edd.
675 2906 732 2946 velt.
749 2902 780 2946 A.
796 2901 826 2945 L.
847 2923 879 2935 -
901 2900 1012 2945 videmur
1027 2901 1086 2946 Cdd.
1102 2905 1158 2946 duo.

43 2973 118 3028 Hav.;
137 2974 162 3016 id
182 2973 245 3029 quod
262 2975 341 3027 primo
359 2974 472 3025 adspectu
490 2972 625 3024 blanditur,
646 2976 671 3014 ut
688 2972 721 3014 sit
740 2972 858 3015 sententia
876 2970 1006 3028 generalis.
1036 2972 1082 3014 Sed
1100 2974 1158 3015 alte·

43 3057 92 3085 ram
110 3045 167 3086 leet.
188 3042 331 3086 vindicatio
356 3042 440 3096 prioris
458 3055 480 3084 v.
501 3040 590 3095 corde,
619 3041 681 3097 quod
706 3041 812 3084 iunctum
834 3052 889 3082 cum
915 3038 1027 3083 ridemus
1055 3041 1159 3095 otiosum

42 3115 90 3156 est:
116 3116 218 3165 contra,
243 3112 371 3165 „homines
389 3111 462 3165 prisci
480 3110 516 3154 illi
535 3116 613 3155 ments
631 3110 744 3156 videbant
761 3110 785 3153 in
803 3109 895 3152 artibus
914 3109 978 3150 aliud
997 3110 1092 3152 erratio
1111 3111 1159 3152 ela-

43 3193 154 3236 reseere,
176 3183 194 3229 i.
215 3195 238 3225 e.
257 3181 386 3235 perfectius
404 3180 499 3224 reddi.’'

461 3285 515 3330 Lm.
530 3286 575 3329 Vl.
595 3283 738 3330 v.1‘-95.

92 3371 117 3419 1.
133 3370 291 3432 frugiparos
305 3372 380 3416 Codd.
394 3372 471 3431 Lugd.
486 3377 594 3430 uterque.
622 3374 698 3418 Habet
716 3374 775 3417 hane
788 3386 871 3417 vocem
883 3370 987 3415 Avienus
999 3372 1067 3416 Aret.
1082 3369 1158 3418 1053.

34 3439 184 3503 frugiferos
198 3443 275 3486 Godd.
289 3443 375 3499 reliqui
389 3442 429 3498 (C.
445 3441 487 3497 E.)
503 3443 563 3486 Edd.
578 3457 660 3488 onmes
673 3448 727 3488 ante
740 3445 781 3487 W.
839 3439 863 3487 7.
882 3440 989 3502 (Quoius
1007 3442 1159 3487 inexstincte‘

42 3513 82 3556 W.
98 3510 181 3569 eoni.)
230 3508 271 3554 11.
291 3511 445 3566 Anteponuut
461 3514 611 3566 praecedenti
630 3513 658 3556 L.
679 3513 709 3556 ll.
730 3514 875 3568 eundemque
894 3510 1038 3555 subditivum
1056 3514 1162 3556 iudicant

39 3581 118 3627 Bentl.
134 3587 160 3627 et
173 3580 267 3624 lacobs.
292 3578 325 3623 Et
341 3584 380 3634 (ec
390 3583 449 3625 Ver.
463 3581 537 3637 ven.)
552 3595 602 3639 pro
620 3595 667 3640 quo
686 3595 715 3626 ex
729 3586 787 3627 vett.
804 3582 866 3625 Edd.
884 3581 926 3624 W.
946 3603 979 3613 -
997 3578 1030 3624 Et
1041 3594 1092 3637 pro
1111 3596 1160 3641 qua

41 3651 108 3695 C.E.
117 3651 270 3694 Vind.Brix.
290 3673 323 3682 ·-
340 3648 373 3693 Et
380 3664 430 3707 pro
442 3665 531 3709 quum,
551 3650 583 3695 Et
592 3665 640 3706 per
653 3663 751 3709 quum„
760 3648 793 3692 Et
804 3664 853 3706 per
868 3663 916 3707 qua
935 3650 983 3693 dlii
996 3650 1071 3695 Codd.
1086 3673 1114 3683 -
1127 3650 1161 3697 Et

37 3733 85 3775 per
97 3735 163 3778 quoe
180 3720 224 3762 Ar.
239 3719 268 3761 A.
283 3717 313 3762 L.
327 3719 356 3765 H.
372 3720 464 3764 Eichst.
492 3721 569 3776 Quum
589 3734 630 3773 per
649 3734 675 3764 se
694 3721 820 3762 admodum
838 3720 934 3777 languet
951 3720 997 3764 ists
1015 3723 1157 3775 versiculus,

39 3793 104 3843 turn,
125 3793 152 3832 ut
171 3788 294 3831 lacobsius
313 3790 423 3843 adnotat,
449 3790 588 3833 consistere
606 3790 729 3832 transitive
747 3802 791 3843 pro
810 3789 975 3842 constituere,
1000 3788 1099 3851 efficere
1118 3805 1160 3846 po·

39 3860 112 3902 situm
131 3862 200 3902 earet
217 3858 327 3911 exemplo
346 3860 407 3912 apud
425 3859 499 3902 Lucr.
539 3856 580 3901 12.
600 3857 694 3902 divitiis
707 3858 783 3903 Godd.
796 3858 847 3912 (E.)
859 3859 926 3902 Brix.
935 3859 979 3902 Aa.
988 3858 1018 3903 L.
1027 3860 1056 3902 Η.
1065 3861 1158 3907 Eiebst.

40 3950 73 3960 —
90 3926 196 3972 diritius
212 3928 270 3970 Ver.
282 3928 345 3971 Ven.
359 3927 400 3971 W.
440 3926 481 3972 13.
501 3929 613 3972 extulere
625 3928 693 3970 Brix.
712 3951 746 3961 ·-
764 3930 886 3973 extollere
899 3941 928 3972 ex
942 3924 966 3972 3.
979 3928 1055 3971 Godd.
1075 3927 1160 3984 (etiarn

41 3996 69 4040 C.
85 3995 130 4050 E.)
147 3997 239 4050 recepit
255 3996 297 4039 W.
317 3996 410 4041 Eiehst.
427 3998 472 4042 Sed
486 3996 586 4041 dentrice
606 4012 724 4041 nermucm
743 4000 859 4041 extollunt
876 3998 938 4040 bona
951 4002 1062 4040 natorum
1079 3998 1158 4051 fauna,

40 4066 105 4109 iuxta
124 4063 272 4110 Wakefield.
292 4067 348 4110 leet.
365 4067 449 4110 Minus
475 4069 546 4111 etiam
567 4068 688 4112 extollere
706 4068 816 4111 convenit
835 4067 929 4111 lectioni
948 4064 1058 4116 divitus,
1087 4079 1159 4121 quum

40 4133 242 4192 significationem
259 4136 326 4178 verbi
345 4136 416 4180 medii
435 4135 524 4180 habere
542 4143 658 4194 nequeat:
679 4139 732 4180 ideo
751 4137 897 4180 redeundum
915 4134 961 4177 fuit
978 4134 1006 4175 ad
1025 4135 1070 4178 Av.
1083 4134 1113 4180 P.
1127 4134 1157 4181 L.

38 4205 131 4258 Α.11.,
152 4205 191 4261 qui
211 4218 264 4247 cum
283 4204 359 4251 Codd.
373 4202 398 4251 3.
418 4205 544 4251 exhibent:
565 4207 701 4250 excellere.
721 4205 850 4259 (excolere
868 4205 928 4249 Ver.
942 4198 1018 4257 Ver.)

90 4285 181 4337 Eclogae
197 4285 255 4326 Pe'e't
270 4286 313 4326 Lat.
891 4285 909 4342 fi
