2772 4750
233 191 294 253 128
372 232 376 241 ι

232 343 437 425 Propontida
459 353 623 403 trucemve
646 330 817 402 Ponticum
841 337 957 411 sinum,

230 444 299 521 Ubi
320 444 380 506 iste
402 452 478 524 post
499 439 646 522 phaselus
669 450 759 499 antea
782 437 844 499 fnit

233 545 370 608 Comata
392 541 493 604 silva:
518 562 588 602 nam
612 537 752 618 Cytorio
775 537 808 599 iu
829 537 908 620 iugo

233 647 404 729 Loqueute
426 662 520 721 saepe
537 639 668 736 sibilum
691 638 789 700 edidit
812 659 917 702 coma.

139 772 142 776 ·
235 741 378 807 Amastri
398 741 590 827 Pontiea‘et
612 739 738 817 Cytore
761 736 904 811 buxifer,

233 844 311 907 'l'ibi
333 846 412 906 haec
434 840 531 905 fuisse
553 851 584 902 et
606 861 674 902 esse
697 835 916 920 cognitissima

120 935 125 941 ’
233 944 291 1007 Ait
312 943 480 1024 phaselus:
504 938 615 1001 ultima
637 960 678 1000 ex
700 937 827 1020 origiue

234 1047 308 1107 'l'uo
331 1042 455 1105 stetisse
479 1039 559 1103 dicit
581 1039 614 1101 iu
637 1038 819 1111 cacumine,

233 1149 308 1208 Tuo
331 1142 481 1205 imbuisse
502 1140 656 1222 palmulas
677 1139 710 1201 in
732 1157 888 1221 aequore,

232 1248 277 1307 Et
297 1245 370 1306 inde
392 1253 443 1305 tot
463 1262 523 1323 per
545 1239 733 1321 impotentia
753 1239 837 1300 freta

233 1347 356 1406 Herum
379 1341 505 1416 tulisse,
528 1341 618 1403 laeva
641 1339 708 1402 sive
731 1344 862 1401 dextera

232 1445 380 1506 Vocaret
401 1463 495 1516 aura,
519 1441 586 1503 sive
610 1451 778 1522 utrumqne
799 1438 944 1519 luppiter

236 1542 336 1606 Simul
359 1545 513 1604 secundus
536 1539 699 1602 incidisset
721 1540 754 1600 iu
776 1540 904 1619 pedem3

236 1645 351 1727 Neque
373 1643 437 1704 nlla
460 1653 537 1705 rota
558 1639 740 1703 litoralibus
761 1638 822 1701 diis

235 1743 305 1807 Sibi
326 1765 394 1806 esse
415 1743 520 1816 facta3
544 1764 643 1825 quom
666 1739 791 1802 veniret
813 1763 830 1801 a
850 1760 938 1801 mare

235 1842 422 1907 Novissime
445 1844 530 1903 hune
552 1844 712 1924 adusque
735 1839 900 1921 limpidum
921 1839 1036 1901 lacum.

236 1947 300 2007 Sed
321 1945 400 2006 haee
422 1942 512 2025 prius
534 1942 641 2006 suere:
665 1963 750 2002 nunc
770 1939 941 2004 recondita

236 2047 331 2108 Seuet
353 2044 458 2128 quiete
481 2063 577 2126 seque
601 2041 727 2104 dedicat
749 2040 826 2115 tibi,

236 2144 379 2207 Gemelle
404 2143 524 2207 Castor
545 2153 577 2204 et
600 2142 733 2224 gemelle
757 2141 918 2207 Castoris.

692 2292 773 2389 ut.
796 2325 881 2401 (31.)

299 2442 577 2517 Paeniusnlarum,
601 2442 741 2517 Sirmio,
761 2440 997 2522 insularumque

170 2598 175 2607 .
240 2542 368 2617 Oeelle,
391 2564 594 2627 quascunque
617 2541 650 2604 in
671 2542 864 2628 liquentibus
886 2537 1008 2623 stagnis

237 2643 394 2727 Mariqne·
414 2653 504 2706 vasto
527 2643 591 2704 sert
614 2654 747 2727 uterque
770 2645 956 2723 Neptunus,

239 2745 342 2823 Quam
363 2756 394 2806 te
417 2743 553 2806 libenter
575 2766 733 2828 quamque
754 2744 855 2806 laetus
876 2740 999 2816 inviso,

238 2843 310 2905 Vix
331 2843 374 2906 mi
394 2843 463 2925 ipse
486 2847 619 2906 credens
642 2842 803 2925 Thyniam
826 2854 920 2926 atque
944 2841 1107 2919 Bithynos

239 2942 389 3028 Liquisse
413 2965 545 3025 campos
567 2955 598 3005 et
621 2943 731 3006 videre
751 2954 783 3007 te
804 2942 837 3004 in
859 2944 948 3007 tuto!

241 3047 271 3110 0
295 3042 371 3128 quid
393 3044 505 3108 solutis
528 3055 575 3106 est
596 3043 720 3106 beatius
742 3043 848 3118 curis,

240 3149 346 3227 Quom
369 3167 455 3208 mens
478 3167 558 3210 onus
579 3145 710 3226 reponit
732 3165 770 3207 ae
790 3143 967 3228 peregrino

239 3249 373 3309 Labore
395 3245 472 3308 fessi
490 3246 631 3308 venimus
647 3246 745 3307 larem
769 3249 808 3307 ad
831 3255 977 3309 nostrum

240 3345 496 3430 Desideratoque
518 3345 747 3430 acquiescimus
768 3347 879 3409 lecto!

241 3448 319 3510 Hoc
342 3457 407 3522 est,
430 3449 518 3531 quod
539 3459 663 3508 unumst
684 3468 746 3528 pro
768 3445 937 3511 laboribus
958 3443 1066 3506 tantis.

174 3580 178 3581 ⁷
243 3547 357 3626 Salve,
380 3570 400 3611 o
424 3558 554 3610 venusta
578 3546 714 3621 Sirmio,
737 3558 831 3630 atque
852 3548 933 3608 hero
957 3548 1077 3629 gaude:

243 3650 387 3711 Gaudete
409 3669 549 3730 vosque,
574 3669 594 3710 o
616 3648 748 3727 Lydiae.
761 3647 849 3709 lacus
870 3650 991 3708 undae:

247 3747 381 3824 Ridete,
404 3746 558 3833 quicquid
580 3758 627 3811 est
649 3747 736 3812 domi
759 3746 1006 3811 cachinnorum!

715 3935 781 3998 IV.
819 3936 872 3998 84,
964 3974 975 3988 0

245 4050 450 4116 Chommoda
470 4052 612 4128 dicebat,
633 4050 661 4112 si
681 3937 817 4134 quando(
833 3937 1003 4117 coiumoda
1028 4050 1123 4115 vellet

306 4152 441 4228 Dicere,
465 4163 497 4214 et
517 4149 652 4213 iusidias.
669 4150 787 4215 Arrius
808 4152 979 4229 hinsidias,
