2762 4762
1105 172 1168 239 375

170 320 261 406 Quid
284 326 384 411 magis
408 326 560 391 incertum
583 328 707 393 vento?
729 349 789 392 aee
810 329 914 393 navita
937 329 1006 392 fidit
1142 332 1170 396 5²
1230 370 1235 381 ι

169 427 367 493 Caeruleum
390 429 497 512 pelagi
520 451 677 506 marmor,
698 431 914 513 scalpentibus
935 430 1045 496 Euris.

260 531 373 592 Nubes
394 528 535 593 lanificae
556 531 634 613 polo
684 599 690 605 ,

174 633 379 694 Rarescunt:
403 631 556 695 fruticeta*
572 644 716 714 petemus

172 731 351 805 Proxima,
376 732 555 816 Frisingam
578 733 691 796 viridis
711 754 773 818 qua
795 733 906 797 semita
928 734 1033 799 ducit:

173 833 277 897 Simul
298 854 490 896 reversurus
512 836 671 916 sepultum
1014 862 1025 912 j
1128 839 1168 901 10
1240 902 1248 909 ,

173 935 236 999 Sol
256 934 352 997 radiis
375 935 523 997 animabit
547 939 674 1000 orbem.

262 1035 393 1098 Femina
416 1038 502 1100 nulla
523 1038 604 1100 mala
627 1050 687 1101 est.
711 1039 872 1102 Virtutem
894 1038 1055 1122 pingimus
1078 1062 1135 1105 ore

173 1137 342 1201 Femineo.
386 1137 546 1203 Formosa
569 1141 724 1220 pudorem

173 1241 291 1302 Servat
313 1238 462 1303 intactum
485 1261 587 1324 neque
609 1242 718 1303 vendit
738 1240 831 1304 ulli.”

105 1345 146 1406 Ρ.
175 1343 293 1405 Nonne
317 1351 425 1416 notas,
450 1341 636 1416 Guilielme,
659 1342 738 1405 fides
762 1341 919 1405 hostiliter
940 1342 1026 1406 inter
1128 1343 1168 1406 15

178 1444 221 1505 Se
244 1440 454 1504 dissidentes?
477 1441 604 1506 Musica
627 1442 747 1505 veritas

179 1541 320 1607 Chordis
342 1546 470 1606 aberrat
491 1565 556 1607 non
577 1545 659 1605 bene
680 1543 843 1607 consonis.
868 1546 873 1559 “

177 1645 271 1727 Ergo
293 1643 426 1706 remotis
448 1643 656 1707 seditionibus
731 1686 734 1690 ι

177 1743 230 1807 Sic
251 1748 489 1825 temperandum
510 1744 677 1820 barbiton,

175 1847 253 1910 Non
276 1846 389 1926 procul
413 1868 431 1908 a
453 1867 564 1910 muros
590 1845 740 1929 quoniam
755 1866 854 1910 canor
868 1845 940 1908 inde
956 1847 1102 1929 repulsus
1125 1846 1166 1909 2⁰

175 1946 354 2012 Dissidiurn.
370 1948 446 2010 ferit
458 1948 659 2009 arbitrantes

183 2047 312 2112 Gentius
334 2069 440 2111 autres.

178 2147 343 2231 Principio
365 2171 433 2214 vox
454 2150 538 2226 insa,
564 2150 616 2213 oui
637 2151 705 2214 vo‘x
726 2150 836 2214 nititur
859 2153 943 2229 alta,

175 2252 237 2314 Est
259 2262 347 2315 certo
369 2251 528 2314 fundanda
550 2263 673 2315 tenore.
932 2252 936 2263 ’

179 2351 309 2433 Quippe
332 2374 420 2414 suum
444 2351 564 2415 moduli
1046 2362 1050 2371 '
1127 2356 1167 2418 25

176 2452 264 2515 Hinc
286 2465 402 2515 annunt
425 2454 550 2536 genium
572 2452 856 2537 conspirantesque
878 2466 1049 2539 reguntur.
1144 2481 1148 2485 ·

177 2552 308 2617 Interim
331 2553 421 2617 multi
442 2554 565 2617 sonitus
587 2555 756 2636 peribunt:

70 2673 76 2686 ·
175 2656 291 2719 Donec
312 2656 496 2738 inaequales
518 2676 677 2737 nunquam
699 2667 840 2719 cessante
861 2659 1009 2719 reducam

176 2755 302 2822 Pollice
326 2759 476 2820 chordas.
1102 2744 1106 2749 “

177 2857 297 2919 Sensim
320 2879 383 2919 non
408 2858 474 2920 sine
496 2856 602 2941 iurgio

178 2958 321 3021 Placebit
343 2957 462 3021 resides
486 2958 632 3042 quatiens
654 2958 810 3022 sententia
831 2978 964 3022 nervos.
1026 2997 1029 3003 ·

177 3103 180 3109 -
261 3059 368 3138 „Spes
391 3071 440 3120 est
461 3060 553 3122 dulce
575 3059 654 3140 pati.
699 3060 798 3140 Quies
854 3076 864 3087 ⁸

67 3159 69 3164 ’
178 3158 305 3241 Optima
328 3159 492 3221 centonisz
516 3181 586 3221 narn
609 3181 723 3243 regum
746 3180 889 3242 purpura
912 3170 1038 3222 noctem

177 3265 280 3341 Saepe
302 3259 403 3322 trahit
424 3260 562 3343 vigilem.

261 3362 295 3425 Si
318 3361 452 3444 quisque
473 3361 569 3423 sciret
591 3361 704 3443 gaudia
728 3360 898 3442 pauperis,
949 3412 956 3431 .

177 3464 293 3528 Nullus
315 3462 454 3526 sollicito
477 3461 564 3524 dives
587 3462 742 3525 dormiret
761 3463 792 3524 in
814 3482 907 3525 atrro.
966 3481 971 3491 ’

174 3638 177 3642 ,
265 3565 373 3628 Triste
395 3564 560 3645 publicum.
580 3562 644 3625 lori

176 3668 268 3730 Vitat
291 3677 441 3746 expertus
463 3663 605 3746 sapiens:
631 3685 690 3727 nec
711 3663 791 3726 imae

66 3788 70 3792 '
178 3760 342 3851 Dign‘atur
364 3768 511 3830 subsellia
534 3766 650 3848 plebis.

180 3873 218 3934 In
231 3892 300 3934 „suo
320 3868 400 3932 felix
414 3864 540 3931 ‘animus
562 3888 691 3931 recessu

178 3973 293 4035 Intisna
316 3972 443 4036 lustrat.
456 3971 473 3995 ’'

118 4078 156 4138 P.
181 4074 350 4139 Paullatim
374 4085 521 4154 aptantur
544 4071 672 4136 socialia
694 4071 832 4135 carmina
855 4068 974 4131 uersis.

262 4176 392 4258 „Rapto
416 4175 595 4258 terrigenae
620 4175 777 4237 vivimus:
801 4175 864 4236 hoc
886 4188 989 4251 ineunt
1011 4183 1082 4250 est,
