2750 4744
233 207 296 268 tat
404 194 412 207 ’

298 365 344 426 Et
365 352 494 424 solitum
517 359 669 443 armigeri
686 356 797 421 'ducite
819 380 932 422 munus
956 360 1044 443 equi.

237 462 358 539 Omina,
372 461 477 524 fausta
499 481 592 522 cano.
637 460 777 524 Crassos
801 461 987 542 clademque
1009 461 1119 542 piato:

284 554 349 626 'Ite
371 575 402 625 et
423 564 588 624 Romanae
610 560 766 623 consulite
789 560 955 624 historiae.

235 665 326 727 Mars
348 675 441 745 pater
464 673 495 724 et
515 682 625 723 sacrae
647 661 754 724 satalia
776 661 894 723 lumina
916 663 1059 735 Vestae,

296 765 383 827 Ante
405 783 494 825 meos
516 763 622 824 obitus
644 760 706 835 sit,
729 763 872 841 precor,
894 762 948 823 illa
971 763 1059 838 dies,

236 867 306 946 Qua
329 864 450 926 videam
473 861 584 942 spoliis
607 873 758 924 oneratos
782 861 931 929 Caesaris
953 883 1048 937 axes,

252 1042 254 1051 y
299 965 354 1026 Ad
375 963 465 1046 vulgi
486 964 616 1044 plausus
638 983 734 1043 saepe
755 963 904 1025 resistere
927 965 1048 1047 equos,

235 1066 338 1147 Inque
360 1065 430 1126 sinu
452 1078 545 1125 carae
560 1063 661 1124 'nixus
687 1075 832 1143 spectare
855 1063 983 1142 puellae
1055 1072 1059 1076 ’

298 1164 451 1246 Incipiam
476 1175 507 1225 et
528 1163 627 1224 titulis
651 1163 770 1243 oppida
793 1175 886 1244 capta
908 1165 1040 1245 legam,

207 1293 216 1301 ’
238 1265 317 1327 Tela
339 1264 463 1347 fugacis
486 1261 559 1345 eqni
581 1274 613 1324 et
634 1263 776 1337 braccati
798 1262 906 1326 militis
928 1270 1021 1326 arcus

298 1365 350 1426 Et
364 1364 475 1426 subter
496 1375 608 1443 captos
631 1384 718 1425 arma
740 1366 853 1425 sedere
876 1367 985 1427 duces.

238 1465 314 1544 lpsa
336 1476 423 1525 tuam
445 1484 538 1526 serva
559 1465 706 1544 prolem,
731 1464 864 1526 Venus:
888 1467 952 1528 hoe
974 1465 1070 1528 sitin
1093 1489 1224 1547 aevum,

299 1561 413 1626 Cernis
438 1566 478 1624 ab
501 1564 611 1625 Aenea
636 1565 722 1644 qnod
744 1584 914 1643 superesse
936 1578 1046 1646 caput.
1303 1573 1331 1631 rt

235 1665 365 1751 Praeda
383 1664 424 1724 sit
446 1665 525 1725 haec
545 1663 625 1736 illis,
648 1683 785 1743 quorum
808 1684 953 1726 meruere
975 1667 1126 1731 labores:

298 1765 358 1826 Me
380 1776 428 1826 sat
451 1764 511 1826 erit
535 1766 633 1826 Sacra
656 1764 807 1845 plaudere
829 1772 927 1846 posse
951 1767 1013 1830 via.

498 1949 577 2009 Lus.
601 1948 668 2010 ΙΙΙ.
692 1948 786 2027 (IV.)
830 1950 1011 2013 ELEGIA
1031 1953 1097 2016 IV.

234 2066 330 2131 Pacis
352 2069 457 2129 Amor
479 2068 556 2127 deus
581 2078 646 2140 cst,
669 2087 780 2146 pacem
801 2088 993 2131 veneramur
1013 2084 1173 2134 amantes:

299 2168 389 2227 Stant
411 2165 486 2227 mihi
509 2187 579 2227 cum
600 2166 726 2227 domina
749 2168 873 2247 proelia
900 2171 981 2231 dirra
1004 2192 1084 2232 mea.

234 2267 308 2329 Non
330 2278 431 2329 tamen
454 2265 559 2328 inviso
582 2277 694 2346 pectus
717 2267 792 2329 mihi
816 2269 965 2349 carpitur·
983 2291 1081 2345 auro,

281 2367 367 2428 ·Nec
391 2367 472 2427 bibit
494 2387 511 2424 e
533 2386 656 2448 gemma
682 2366 779 2428 divite
804 2380 915 2431 nostra
937 2369 1018 2433 sitis.

234 2467 305 2528 Nec
327 2464 402 2526 mihi
425 2465 508 2527 mille
529 2464 616 2548 iugis
639 2464 814 2546 Campania
835 2469 964 2552 pinguis
986 2482 1112 2548 aratur,

297 2567 367 2626 Nec
390 2564 484 2626 miser
506 2585 579 2626 aera
601 2565 807 2646 paccelade,
835 2569 1010 2646 Corintho,
1034 2584 1101 2635 tua.

155 2719 159 2727 .
236 2664 266 2726 Ο
289 2664 391 2744 prima
413 2664 526 2726 infelix
545 2665 677 2748 fingenti
699 2662 784 2727 terra
808 2669 1023 2735 Prometheo!

297 2765 356 2827 Ille
379 2785 490 2845 parum
513 2765 598 2826 cauti
619 2766 760 2846 pectoris
778 2768 845 2850 egit
869 2789 969 2850 opus:

302 2980 326 3027 8.
347 2981 481 3034 „Adducite
506 2995 592 3038 equum
617 2983 773 3038 bellatorem,
802 2992 829 3031 ut
849 3001 894 3031 suo
923 3003 1022 3036 munere
1044 2993 1067 3035 in
1087 2996 1190 3047 proeliis
1215 2997 1336 3056 fungatur.¹¹

235 3073 266 3083 —
285 3050 376 3093 sumite
394 3063 484 3094 rnrrnua
502 3051 585 3094 Burm.
605 3052 676 3105 prob.
699 3053 801 3098 Hofman
820 3056 964 3112 Peerlkamp
984 3059 1014 3102 tt.
1036 3061 1100 3105 Bibl.
1116 3064 1179 3107 Grit.
1195 3062 1220 3109 5.
1246 3080 1269 3120 p.
1289 3063 1334 3110 lll.

232 3119 316 3162 lacobs
336 3121 461 3173 proponit:
487 3117 520 3165 Et
538 3119 651 3179 solitum,
681 3123 824 3180 omnigeni,
854 3125 946 3170 eludite
964 3141 1070 3179 munus,
1101 3132 1175 3189 equi!
1204 3134 1221 3177 i.
1242 3148 1264 3181 e.
1283 3134 1336 3187 „ian

231 3186 325 3230 bellicis
343 3190 429 3230 restris
450 3188 573 3231 laboribus
596 3186 667 3232 finem
687 3191 829 3243 imponiress’
876 3195 922 3237 Sed
944 3198 1064 3252 quomode
1088 3200 1112 3241 id
1137 3200 1162 3243 h.
1191 3203 1208 3245 l.
1230 3204 1334 3258 quadret,

231 3255 318 3298 ubido
337 3255 487 3308 expeditione
511 3257 661 3310 suscipienda
679 3260 805 3302 ananifesto
832 3274 912 3304 sermo
932 3262 987 3308 est?
1014 3266 1049 3308 Ac
1074 3267 1094 3309 si
1112 3267 1193 3321 dieas,
1215 3272 1251 3313 sic
1270 3269 1336 3325 prole·

231 3324 334 3366 ctionem
352 3326 376 3364 et
393 3323 517 3365 victoriam
539 3326 664 3382 coniungi,
684 3327 771 3370 nimius
790 3329 899 3381 prolecto
924 3338 988 3376 esset
1006 3333 1127 3377 chiasmus
1148 3337 1212 3382 inter
1236 3332 1336 3396 rme'gines

231 3396 286 3433 tunc
308 3402 407 3442 prorsus
426 3391 549 3444 dispares,
580 3394 675 3436 narium
700 3397 730 3437 ad
759 3395 849 3439 bellurn
878 3399 1081 3455 proficiscentium
1108 3408 1131 3446 et
1156 3419 1274 3461 equorum
1295 3408 1336 3459 post

230 3459 356 3502 victoriam
367 3459 523 3503 cessantium.
562 3459 585 3504 9.
612 3462 647 3504 lta
660 3462 736 3505 Codd.
757 3477 851 3509 novem.
872 3468 901 3512 L.
921 3469 970 3514 Iac.
990 3469 1169 3529 -elodeaque
1188 3473 1248 3517 Atti.
1268 3476 1334 3529 vulgo.

232 3525 273 3571 13.
292 3532 396 3570 onerato
416 3524 514 3581 Coae
542 3529 608 3572 Mur.
636 3531 700 3574 coni.
726 3533 807 3589 vulgo.
864 3532 906 3580 22.
926 3551 965 3580 me
984 3538 1060 3581 Codd.
1079 3541 1197 3584 meliores
1215 3542 1245 3585 L.
1265 3539 1335 3582 -rm'

230 3597 281 3639 alii.
301 3596 382 3651 vulgo.

587 3665 708 3710 1.m.ttt.
729 3667 794 3723 (lv.)
830 3669 927 3715 ELEG.
948 3672 992 3716 IV.
1172 3720 1175 3725 .

239 3735 242 3740 ’
302 3728 327 3772 1.
347 3730 417 3783 „lior
439 3745 533 3777 carmen
552 3735 617 3777 Mur.
644 3740 668 3778 et
684 3737 747 3779 Scal.
768 3739 849 3792 nullo,
882 3741 1049 3796 quodsriam,
1081 3742 1143 3791 con.
1164 3746 1332 3793 consentiente,

228 3814 282 3846 eum
300 3803 425 3852 superiore
445 3803 646 3847 coniunxerunt.''
669 3803 697 3846 L.
754 3802 778 3848 2.
798 3805 844 3850 Sat
859 3807 939 3851 Lirin.
960 3809 1043 3853 Herna.
1068 3813 1132 3857 coni.
1156 3827 1170 3856 a
1191 3814 1290 3858 Lachm.
1306 3825 1334 3854 re·

229 3873 296 3923 cepta
312 3868 337 3908 in
357 3866 404 3910 Ed.
429 3882 466 3923 pr.
493 3872 636 3915 Schaeferus
657 3875 687 3915 nal
706 3872 795 3917 lulian.
817 3888 841 3929 p.
867 3875 925 3920 XV.
954 3877 1061 3931 (notante
1084 3879 1202 3924 Paldamo
1226 3895 1251 3936 p.
1276 3877 1332 3930 ml

226 3943 294 3983 necte
314 3939 461 3989 comparavit
482 3938 649 3984 Graecorum:
670 3935 800 4002 πόλεμος
817 3940 966 4004 ἐνέστηκε.
1002 3947 1066 3990 llaec
1086 3962 1144 3991 eumv
1156 3951 1267 4003 proxime
1279 3961 1332 4004 prae·

227 4008 294 4052 cedd.
320 4004 465 4063 coniungens
489 4008 592 4050 Hofman
615 4007 759 4063 Peerlkamp
783 4010 813 4054 N.
838 4013 894 4057 Blh.
917 4013 980 4056 Crit.
1004 4011 1029 4058 5.
1055 4027 1079 4067 p.
1101 4014 1162 4060 164.
1183 4019 1267 4062 roni:
1290 4014 1334 4061 sm

227 4073 300 4118 milri.
356 4068 431 4118 3-5.
462 4073 538 4117 Plura
567 4076 605 4116 hic
626 4074 678 4116 sine
702 4074 787 4119 idonea
810 4093 895 4124 caussa
921 4083 1043 4127 innovarit
1069 4085 1170 4130 Lacbtn.
1195 4087 1222 4130 in
1243 4087 1286 4130 Ed.
1303 4097 1330 4139 pt·

228 4140 406 4185 Sententiarum
432 4143 529 4197 quidem
552 4143 662 4184 iunctura
689 4154 736 4184 non
760 4146 829 4189 nimis
855 4152 984 4204 perspicua
1002 4157 1053 4207 eal,
1084 4154 1179 4208 fateor,
1212 4157 1255 4199 sed
1271 4153 1333 4211 qualit

226 4211 297 4253 etiam
327 4209 491 4253 severioribus
512 4210 536 4252 in
561 4211 650 4263 poeta,
682 4221 757 4281 eoque
790 4216 911 4272 elegiaco,
946 4219 1066 4266 interdurn
1093 4225 1269 4281 concoquenda
1294 4225 1332 4267 est:
