2772 4750
217 206 256 267 ll

214 364 298 426 Nam
319 356 382 422 fuit
404 354 437 420 in
459 351 568 437 pretio
592 346 694 433 magis
717 366 789 421 aes,
812 362 987 427 aurumque
1007 339 1133 404 iacebat

218 467 362 545 Propter
383 455 583 522 inutilitatem
604 448 712 515 hebeti
734 466 888 510 mucrone
912 455 1071 507 retusum:

215 568 309 628 Nunc
330 561 413 626 iacet
435 580 504 633 aes,
528 576 638 619 aurum
660 552 693 616 in
715 570 869 615 summum
891 545 1043 611 successit
1064 546 1241 609 honorem.

1376 590 1378 663 Ι

215 669 270 729 Sic
294 663 454 728 volvunda
477 670 563 723 aetas
586 664 760 721 commutat
778 663 925 733 tempora
946 669 1074 713 rerum:
1257 646 1334 709 1275
1377 670 1378 727 3

218 770 316 849 Quod
336 765 399 828 suit
421 762 454 827 in
475 759 600 845 pretio,
622 761 660 821 fit
683 755 771 819 nullo
794 751 931 837 denique
952 754 1097 825 honore;

216 873 327 933 Porro
351 866 437 929 aliud
458 862 599 928 succedit
620 871 653 924 ct
673 882 691 923 e
715 853 955 937 contemptibus
976 852 1044 916 exit

217 974 319 1055 Inque
344 967 410 1031 dies
432 964 536 1050 magis
558 962 721 1047 appetitur
741 960 902 1042 floretque
924 965 1088 1036 repertum

216 1070 381 1155 Laudibus
399 1081 430 1133 et
452 1068 535 1131 miro
556 1077 604 1129 est
622 1060 788 1128 mortaleis
807 1058 891 1122 inter
912 1059 1052 1122 honore.

279 1176 374 1238 Nunc
395 1168 472 1245 tibi,
497 1191 562 1253 quo
581 1162 678 1250 pacto
697 1161 778 1227 ferri
797 1172 909 1223 natura
931 1172 1059 1241 reperta
1256 1161 1334 1224 1280

218 1276 284 1352 Sit,
306 1274 431 1339 facilest
451 1270 514 1353 ipsi
536 1291 594 1352 per
613 1279 644 1331 te
663 1283 881 1350 cognoscere,
905 1260 1054 1325 Memmi.

280 1379 382 1442 Arma
405 1373 535 1459 antiqua
558 1391 682 1444 manus,
704 1387 826 1451 ungues
850 1366 1024 1450 dentesque
1046 1363 1177 1427 fuerunt

218 1485 261 1545 Et
283 1478 406 1561 lapides
429 1476 574 1550 etitem,
597 1471 749 1536 silvarum
768 1465 947 1552 fragmina,
967 1465 1081 1529 ramei.

217 1587 279 1658 Et,
301 1582 427 1643 flamma
447 1590 542 1663 atque
564 1574 656 1659 ignes
677 1582 848 1655 postquam
871 1580 943 1632 sunt
965 1568 1096 1652 cognita
1113 1566 1274 1651 primum,

217 1681 386 1749 Posterius
406 1679 488 1757 ferri
510 1679 558 1743 vis
580 1688 628 1741 est
641 1673 788 1758 aerisque
805 1683 953 1754 reperta:
1256 1673 1334 1736 1285

216 1789 261 1851 Et
282 1783 377 1868 prior
398 1781 482 1846 aeris
504 1791 573 1844 erat
593 1799 687 1865 quam
707 1773 788 1840 ferri
810 1773 960 1859 cognitus
981 1794 1073 1850 usus,

218 1889 293 1968 Quo
316 1885 423 1949 facilis
445 1882 549 1967 inagis
571 1892 618 1944 est
639 1891 752 1942 natura
773 1889 805 1942 et
826 1876 923 1960 copia
944 1876 1061 1941 maior.
1138 1908 1149 1921 ·

124 1994 127 1999 ’
221 1995 309 2056 Aere
332 1989 434 2053 solum
455 1998 561 2050 terrae
580 1985 762 2047 tractabant
782 2000 919 2064 aereque
942 1978 1018 2042 belli

217 2092 402 2158 Miscebant
421 2091 535 2152 fluctus
552 2098 584 2151 et
606 2086 739 2149 volnera
762 2093 851 2145 vasta
871 2082 1020 2145 serebant

218 2197 262 2257 Et
283 2214 380 2276 pecus
402 2202 496 2276 atque
519 2210 617 2273 agros
638 2186 839 2250 adimebant:
864 2206 935 2247 nam
954 2184 1051 2248 facile
1075 2184 1149 2249 ollis
1257 2187 1337 2251 1290

219 2293 335 2360 Omnia
358 2294 513 2356 cedebant
536 2288 665 2353 armatis
684 2289 768 2350 nuda
788 2298 820 2350 et
840 2285 975 2350 inerma.

217 2399 297 2461 Inde
318 2392 495 2458 minutatim
516 2390 675 2474 processit
691 2391 817 2453 ferreus
837 2389 920 2453 ensis

217 2501 391 2583 Vorsaque
408 2495 441 2560 in
465 2498 660 2561 obscoenum
682 2490 806 2575 species
828 2503 875 2555 est
896 2492 990 2555 salcis
1013 2494 1149 2569 ahenas,

218 2605 262 2665 Et
285 2601 376 2663 scrro
398 2619 536 2680 coepere
559 2596 663 2660 solum
682 2591 894 2677 proscindcre
916 2605 1040 2668 terrae;

219 2707 470 2786 Exaequataque
492 2709 563 2762 sunt
587 2695 713 2779 creperi
739 2695 912 2758 certamina
933 2695 1025 2759 belli.
1259 2698 1336 2761 1295

281 2807 326 2867 Et
346 2801 435 2884 prius
458 2811 506 2864 est
524 2810 678 2862 armatum
698 2798 730 2860 in
753 2796 827 2881 equi
846 2802 1062 2863 conscendere
1075 2808 1191 2862 costas

219 2910 263 2970 Et
284 2902 484 2968 moderarier
504 2904 589 2964 hunc
611 2900 711 2963 frenis
735 2903 912 2984 dextraque
932 2900 1046 2984 vigere

221 3011 322 3089 Quam
345 3004 459 3089 biiugo
483 3026 580 3066 curru
602 3002 679 3066 belli
700 3013 823 3066 tentare
844 3002 979 3085 pericla.

218 3113 264 3175 Et
282 3108 429 3193 biiugom
450 3105 540 3189 prius
562 3116 609 3168 est
628 3127 722 3191 quam
740 3104 790 3169 his
812 3105 1010 3191 coniungere
1033 3108 1129 3173 hinos

273 3299 348 3347 1279.
368 3300 404 3344 tu
414 3298 491 3343 Codd.
499 3299 586 3356 pleriq.
595 3297 703 3342 etiamC.
711 3298 771 3342 Edd.
781 3302 838 3346 vett.
848 3298 937 3343 itu-H.
958 3299 1004 3344 Sed
1011 3301 1053 3345 W.
1061 3302 1091 3346 de
1101 3303 1165 3346 coni.
1173 3303 1241 3348 miro
1248 3311 1338 3349 ’κονία-

217 3372 265 3415 leia
278 3371 344 3414 inter
359 3367 453 3414 bonore
466 3378 512 3422 cet,
527 3369 581 3425 quia
594 3369 670 3413 Codd.
681 3370 752 3425 aliq„
766 3368 837 3411 etiam
850 3368 880 3411 t,
900 3369 965 3411 miro
978 3376 1016 3413 eat
1027 3384 1061 3414 m.
1075 3370 1094 3414 i.
1108 3368 1227 3420 honores,
1251 3374 1339 3418 Nostra

219 3445 299 3484 autem
317 3440 381 3483 ratio
399 3451 457 3482 sanc
475 3439 561 3482 melior
579 3450 649 3492 quam
668 3438 760 3480 Fnrb.:
789 3436 918 3481 Laudibus
937 3444 960 3482 ct
977 3440 1044 3483 miro
1062 3443 1194 3485 mortcleie
1213 3444 1284 3487 inter·
1301 3442 1339 3488 ho·
1375 3474 1376 3485 ³

218 3523 289 3554 nore.
327 3506 501 3565 1281.ipsum
512 3507 602 3552 Av.-t{.
642 3504 718 3551 1281.
738 3506 773 3549 lta
787 3506 1004 3553 Conconne.
1018 3508 1338 3571 flammueA.L,fl.sab·

219 3580 318 3622 ditinum
331 3577 393 3620 hune
404 3590 501 3621 versum
513 3576 626 3621 censebat
637 3577 715 3620 Bentl.
761 3572 837 3620 1289.
857 3575 1089 3636 luctur--suncra
1101 3581 1180 3625 Bentl.
1195 3583 1339 3628 v.lluschlte
1375 3590 1376 3595 ’

218 3648 332 3691 Analecta
346 3647 401 3691 crit.
415 3660 440 3702 p.
455 3643 515 3691 201.
533 3646 572 3690 ubi
592 3658 621 3691 ex
638 3646 741 3689 Victorii
760 3647 820 3689 Ver.
834 3645 911 3690 Lacu.
925 3643 972 3702 37,
994 3646 1018 3693 l.
1039 3650 1118 3694 laudat
1138 3651 1339 3707 Theopompum,

219 3718 259 3773 qui
276 3721 335 3760 teste
347 3716 492 3770 Plutarcho,
512 3716 605 3760 dixerat
618 3708 716 3786 ῥεῦμα
728 3713 779 3763 καὶ
791 3710 926 3763 κλύδωνα
938 3715 1079 3781 πολέμου.
1122 3719 1159 3763 lb.
1171 3717 1302 3778 ser-edunt
1313 3723 1339 3765 C.

221 3782 297 3831 1293.
316 3783 464 3829 obscoenum
479 3799 509 3829 ex
521 3786 631 3830 Macrob.
646 3787 698 3829 Sat.
713 3782 737 3838 2,
750 3785 774 3831 h.
793 3787 907 3837 praetulit
921 3786 999 3831 Bentl.
1014 3789 1174 3842 reposuitW.
1187 3791 1269 3836 Codd.
1282 3793 1338 3836 Edd.

219 3866 303 3900 omnes
327 3853 504 3912 opprobrium:
533 3857 562 3899 de
583 3858 649 3899 vocis
670 3853 809 3898 obscaenus
832 3856 868 3899 ret
893 3854 1031 3900 obscoenus
1055 3858 1228 3917 orthographia
1250 3865 1342 3906 certant

218 3927 352 3970 etiaiunuuc
365 3924 531 3982 grammatici3
548 3937 571 3967 v.
588 3926 660 3969 Beier
675 3926 704 3968 ad
721 3924 773 3968 Cir.
783 3926 811 3968 de
822 3923 894 3968 offic.
907 3923 931 3967 1.
943 3939 967 3981 p.
981 3925 1040 3972 226.
1060 3928 1158 3981 „Poeta
1176 3930 1236 3973 dicit
1256 3932 1340 3976 falcem

218 3998 318 4047 adriam,
350 3999 376 4038 ut
399 3994 582 4038 instrumentum
606 3996 711 4056 mititare
735 3994 825 4051 (quidni
845 3994 925 4049 potius
943 3995 1091 4054 rusticuml)
1115 3999 1138 4042 in
1158 4000 1339 4044 desuetudinem

218 4065 322 4116 abiisse,
348 4065 377 4108 ad
396 4076 454 4108 usus
472 4064 579 4121 magicos
597 4064 636 4118 (ad
655 4064 798 4108 deserendas
817 4064 871 4108 scil.
892 4064 979 4110 herbas
1006 4067 1101 4121 philtris
1125 4074 1149 4112 et
1171 4070 1339 4113 incantationi-

219 4134 263 4177 bus
281 4130 390 4190 idoneas)
409 4146 559 4177 conversam.
586 4134 646 4177 llinc
665 4134 751 4188 pendet
768 4133 853 4177 Horat.
867 4134 945 4188 Epod.
961 4132 990 4188 5,
1007 4134 1048 4181 98.
1070 4137 1112 4180 udi
1123 4137 1266 4183 obscoenus
1279 4151 1340 4182 nnus

219 4207 274 4248 sunt
285 4201 404 4248 serreticae
418 4200 539 4260 (sagae).”
557 4203 631 4247 ch.
670 4200 745 4247 1295.
766 4200 877 4260 creperi]
891 4203 917 4247 lu
931 4203 1015 4252 ΕΗ..
1030 4219 1153 4260 superscr.
1167 4209 1245 4265 gloss.
1262 4207 1338 4254 dubii.

221 4269 298 4316 1296.
317 4277 460 4329 repperiam
476 4272 505 4320 L.
518 4277 601 4316 contra
614 4271 674 4317 Cdd.
689 4277 776 4327 notos,
798 4273 870 4316 etiam
881 4271 910 4317 (t.
924 4272 954 4320 Ε.
994 4273 1070 4323 1997.
1089 4276 1156 4320 aiere
1172 4277 1212 4321 Pii
1226 4277 1291 4324 Cdd.
1312 4297 1338 4310 -
