2750 4744
1075 184 1150 263 teu

20 360 84 421 Hos
104 356 215 439 pueris
239 355 375 421 monitus
398 366 504 438 patres
528 354 692 419 inlundeie
715 357 820 440 lippos

22 461 117 539 Quom
143 461 267 535 videas,
292 459 478 541 quaerisne,
504 461 587 520 unde
609 460 688 521 haec
710 472 840 544 sartago
864 460 1016 545 loquendi
1090 463 1131 524 80

22 562 151 624 Venerit
172 563 202 623 iu
225 561 376 643 linguas?
399 563 481 623 unde
503 559 587 622 istuc
609 563 762 637 dedecus,
788 562 818 623 iu
841 584 906 644 quo

22 666 187 727 Trossulus
212 665 357 726 exsultat
373 662 431 724 tibi
453 683 511 743 pet·
532 663 681 725 subsellia
705 663 807 727 levis?
830 697 869 706 -

21 768 106 829 Nilne
129 768 229 848 pudet
253 765 348 846 capiti
371 773 436 827 nou
458 784 553 845 posse
577 765 719 843 pericula
742 787 822 829 cano

20 870 159 944 Pellene,
185 867 261 951 quin
284 866 423 948 tepidum
448 869 510 927 hoc
533 877 625 947 optes
649 867 757 928 aiidire
780 871 997 941 „decenterl”

21 971 156 1045 Fures,
183 970 225 1031 ait
248 969 362 1035 Pedio.
386 1001 427 1029 ,-
449 967 567 1032 Pedius
591 967 689 1050 quid?
712 1003 753 1014 -
778 969 920 1034 Crimina
942 973 1019 1036 rasis
1091 968 1131 1038 85

20 1072 129 1134 Librat
151 1071 182 1133 iu
207 1071 376 1134 antithetis.
419 1071 540 1133 Doctus
561 1070 709 1150 posuisse
723 1066 851 1155 'figuras

20 1176 191 1237 Laudatur.
223 1209 263 1220 -
291 1172 415 1236 Bellum
446 1174 529 1235 hoc!
553 1207 594 1216 -
625 1173 748 1241 Bellum
779 1175 868 1238 hoc?
892 1198 947 1253 an,
974 1178 1129 1254 Romule,

243 1335 244 1338 ,
857 1278 981 1343 eoves?

18 1381 94 1444 Men
116 1393 244 1446 inoveat
268 1380 384 1465 quippe
408 1392 457 1457 et,
484 1392 589 1445 cantet
610 1380 637 1443 si
659 1382 850 1464 naufragus,
875 1402 975 1444 assem

17 1482 235 1546 Protulerim?
259 1483 398 1559 Cantas,
421 1504 519 1567 qstom
541 1484 641 1545 fracte
666 1494 696 1544 te
719 1483 749 1544 in
772 1485 862 1544 trabe
885 1483 1003 1564 pictum
1076 1506 1079 1511 ’
1111 1536 1115 1543 ,

17 1585 68 1646 Ex
88 1586 223 1647 hinnero
246 1585 383 1666 portes?
406 1589 548 1660 Verum,
573 1607 631 1647 nec
653 1596 748 1646 noete
771 1596 915 1665 peratum
1054 1586 1059 1592 ’
1084 1586 1132 1651 ’90

17 1687 181 1761 Plorabit,
206 1688 262 1769 qui
285 1709 333 1748 me
358 1689 446 1751 volet
467 1687 650 1749 incurvasse
673 1687 814 1767 quierela.
839 1719 880 1733 -·
934 1730 938 1735 -
1098 1686 1128 1695 ‘'

16 1788 101 1859 „Sed
112 1789 261 1863 =numeris
286 1791 383 1850 decor
407 1800 507 1850 estet
530 1789 674 1849 iunctura
697 1787 800 1848 addita
825 1787 944 1850 erudis.

17 1888 174 1953 Claudere
197 1889 243 1952 sic
265 1908 393 1951 versum
416 1889 543 1952 didicit:
567 1889 793 1972 Berecyntius
816 1888 927 1963 Attis,

16 1993 82 2053 Et:
107 1992 167 2075 qui
189 1994 386 2053 caeruleum
408 1991 591 2053 dirimebat
612 1993 731 2054 Nerea
752 1990 907 2069 delphin,

16 2092 87 2156 Sic:
111 2105 245 2156 costam
266 2096 371 2174 longo
393 2093 622 2154 subduximus
644 2091 838 2174 Apennino.
1096 2099 1137 2161 95

15 2197 125 2257 Arma
146 2196 278 2269 virum,
304 2215 407 2258 noune
430 2197 492 2258 hoe
514 2214 697 2277 spumosum
721 2205 752 2255 et
775 2194 895 2258 cortice
918 2195 1045 2281 pingui,

84 2405 126 2452 80.
147 2431 180 2439 -
199 2420 274 2450 unum
293 2405 354 2450 liaeo
372 2409 397 2451 S.
419 2432 451 2442 -
471 2407 535 2452 unde
554 2415 659 2468 sartago
678 2410 709 2451 T.
759 2406 800 2452 81.
821 2407 896 2467 istac]
915 2410 991 2453 Vntic.
1016 2420 1046 2453 =
1066 2411 1135 2456 istud

14 2478 76 2519 Cett.
99 2498 129 2508 -
156 2489 232 2519 unum
256 2475 326 2521 istud
349 2475 423 2520 dedeo
450 2477 477 2520 in
500 2492 546 2536 quo
565 2481 590 2523 S.
647 2476 688 2521 82.
711 2476 835 2521 Truentus
854 2480 889 2521 tt.
912 2499 944 2511 -
965 2478 1084 2524 Trosilas
1100 2482 1131 2524 Τ,

14 2569 45 2577 -
75 2545 209 2588 Troullas
233 2545 263 2588 Λ.
293 2569 325 2578 -
347 2544 499 2607 -Τῇνοειιίαε
522 2548 552 2590 R.
583 2572 615 2586 «-
632 2545 740 2591 Roscius
756 2548 781 2590 S.
837 2546 878 2591 83.
900 2571 932 2580 -
951 2549 987 2591 nil
1004 2563 1079 2605 poree
1100 2550 1130 2593 E.

13 2612 54 2658 84.
73 2636 103 2645 -
118 2613 243 2670 trepidum
255 2617 286 2659 V.
304 2620 329 2658 ut
347 2616 441 2658 volebat
454 2615 556 2660 Cusnub.
596 2615 637 2660 86.
653 2639 684 2649 -
703 2615 790 2660 doctas
806 2618 893 2674 Scalig.
912 2614 1012 2661 Monti.'
1037 2617 1078 2662 87.
1100 2643 1131 2651 -—

13 2682 133 2727 laudatar
149 2685 227 2729 Vatis.
245 2685 274 2727 Ut
292 2699 351 2736 nos,
372 2685 401 2728 T.
423 2685 459 2728 lb.
475 2685 609 2729 -bellum
624 2692 669 2728 eet.
708 2698 741 2727 an
752 2683 822 2728 Rom.
839 2686 979 2729 RVESAM.
992 2685 1133 2729 -llornole

13 2753 41 2796 Τ.
83 2751 126 2796 88.
148 2777 181 2786 -
200 2759 223 2796 et
235 2754 259 2796 ei
271 2759 353 2797 cantet
365 2754 394 2797 E.
433 2752 474 2798 89.
492 2776 520 2785 -
534 2754 704 2798 Protulerol'.
744 2754 779 2798 lb.
799 2776 834 2789 -
852 2761 874 2796 te
889 2754 958 2798 trabe
972 2756 1002 2798 'lu
1042 2754 1082 2798 91.
1099 2776 1133 2787 -

13 2823 149 2866 incurvare
163 2823 194 2870 Τ.
233 2820 274 2867 93.
303 2845 325 2854 -
340 2822 430 2866 didicit
442 2836 540 2866 uersum
553 2826 584 2867 V.
617 2825 665 2866 ¹llr.
686 2822 762 2880 Ante]
781 2825 858 2866 vatic.
880 2824 911 2865 V.
933 2847 965 2855 —
984 2824 1033 2866 atie
1048 2824 1077 2867 Τ.
1099 2843 1132 2854 -··

13 2889 80 2934 athir
99 2893 195 2935 ltsuttt.
219 2914 247 2922 -
268 2893 323 2936 aeis
341 2893 370 2935 E.
392 2891 435 2946 1-
453 2890 522 2935 Attin
540 2894 600 2936 Cod.
620 2891 708 2947 Bern.)
754 2891 795 2936 95.
818 2913 846 2921 -
867 2890 1019 2941 deduximus
1040 2892 1068 2938 ll.
1094 2906 1132 2934 su«

13 2975 107 3014 persor.
129 2961 184 3005 sair.
222 2959 263 3005 96.
284 2983 316 2992 -·
335 2975 395 3005 utem
412 2974 442 3004 ne
459 2974 498 3019 ep.
519 2963 549 3005 T.
580 2983 602 2996 -
621 2975 702 3012 noune
720 2966 758 3004 ert
774 2975 813 3017 cp.
831 2962 861 3005 V.

13 3074 166 3082 -m

84 3138 128 3182 81.
149 3138 218 3184 istud
233 3124 348 3194 rpth't‘.
393 3130 437 3184 82.
457 3142 536 3186 laeuis
556 3155 593 3196 rp.
643 3139 684 3186 87.
704 3138 749 3184 tec
768 3137 879 3187 lrellnrrr'?
898 3153 931 3182 are
948 3154 971 3182 r.
993 3162 1024 3175 v·
1044 3138 1135 3181 bellum

12 3208 69 3252 est?
89 3221 125 3251 art
143 3209 188 3262 pr.
238 3207 280 3252 88.
299 3207 359 3256 Men
381 3210 497 3254 moueat?-
514 3211 603 3269 quippe
622 3217 646 3255 et
662 3223 699 3265 ep.
751 3207 791 3253 98.
814 3233 844 3246 ..-
864 3208 952 3252 didicit
969 3221 1067 3251 cerrum
1089 3208 1133 3262 μΡ.

13 3279 47 3321 lb.
70 3276 138 3336 Atye
157 3278 202 3332 pP.
220 3303 253 3311 -
271 3278 340 3323 Attin
360 3292 404 3322 rw.

85 3437 129 3482 82.
151 3437 301 3498 Trossulae]
321 3441 464 3486 Trossulum
486 3443 598 3497 oppidum
616 3444 659 3486 luit
677 3442 802 3493 Etrurine,
829 3455 874 3483 uon
892 3441 962 3498 longe
989 3454 1002 3483 e
1027 3442 1132 3485 Volscis.

13 3509 61 3553 llos
77 3509 173 3564 equites
192 3509 293 3567 Romani
318 3511 370 3554 sine
389 3511 507 3565 peditibus
527 3517 705 3570 expugnarunt,
732 3512 818 3556 Nomio
842 3511 943 3566 quodam
961 3511 1028 3553 duce.
1068 3510 1133 3552 Unde

13 3580 107 3635 equites
124 3579 224 3621 Romani
247 3577 366 3623 Trossuli
387 3581 441 3624 dicti
463 3587 526 3625 sunt.
565 3580 607 3625 86.
627 3580 715 3624 Lidrat
735 3580 763 3624 in
783 3576 922 3635 antitistis]
940 3577 1061 3621 Antithetn
1080 3583 1135 3621 sunt

13 3659 87 3691 inec:
108 3645 196 3691 Fortia
211 3648 320 3705 neglecti
337 3649 451 3692 celebant
468 3652 534 3693 eolla
555 3650 659 3706 capilli:
680 3646 713 3692 Et
729 3662 777 3706 per
799 3648 907 3707 neglecti
924 3646 1059 3692 volitabant
1070 3649 1135 3690 colla

13 3717 113 3772 apitii.
152 3715 220 3770 („nt.
240 3730 305 3759 vers.
329 3719 410 3772 priore
428 3719 563 3763 volitabant
574 3724 598 3763 et
616 3733 639 3762 v.
657 3733 708 3776 seq.
745 3716 778 3761 Et
787 3731 834 3774 per
852 3718 980 3777 neglectos
999 3716 1136 3760 volitabant

13 3786 79 3828 olla
98 3785 233 3841 capillor.''
250 3784 329 3839 Pith.)
374 3785 542 3846 niquarum
561 3787 649 3831 umbra
663 3787 774 3844 porrexi
794 3784 899 3829 brachia
917 3792 1001 3830 mota:
1021 3784 1059 3829 At
1078 3785 1137 3840 (ilat

13 3857 45 3899 ris
70 3854 156 3906 Ptin,
189 3855 231 3897 sed
252 3853 291 3897 At
311 3857 334 3898 in
362 3856 435 3903 vni-iis
457 3858 535 3908 lectt.)
560 3857 673 3914 quotiens
692 3856 780 3900 umbra
807 3854 918 3899 redduxi
935 3853 1040 3900 brachia
1059 3860 1135 3899 mota.

13 3924 138 3968 tntitheta
161 3928 240 3966 antem
258 3923 389 3978 istasunt,
421 3939 479 3982 queo
495 3930 580 3970 contra
595 3939 620 3970 se
639 3930 773 3979 ponuntur:
804 3930 843 3978 ut,
864 3922 922 3967 ltine
941 3924 1042 3980 pudor,
1063 3924 1134 3966 illinc

13 3992 175 4037 ›etalantia:
202 3989 261 4034 ltine
279 3993 419 4048 pudicitia,
451 3995 523 4038 illine
550 4000 680 4051 stuprum:
712 3992 770 4037 ltine
786 3993 871 4056 fides,
900 3992 972 4036 illine
987 3989 1133 4050 fraudatio.

14 4062 78 4105 Cic.
99 4063 124 4104 in
145 4062 217 4105 caut.
239 4058 263 4117 2,
286 4060 340 4114 11.)
397 4061 439 4108 95.
458 4063 501 4106 Sic
523 4062 628 4122 eostam]
649 4063 735 4107 Omnia
753 4064 884 4118 Epicorum
911 4062 1065 4112 oasininaite
1086 4060 1137 4102 fere
1224 4110 1227 4115 ,

15 4135 67 4175 uui:
84 4133 236 4185 composite,
268 4137 294 4175 ut
313 4133 436 4186 proximus
460 4146 502 4186 pes
522 4133 551 4175 ab
576 4135 659 4176 ultimo
677 4136 783 4185 dactylus
806 4135 853 4184 sit,
884 4131 989 4184 exceptis
1010 4128 1137 4171 aditiodum

13 4202 115 4253 raucis,
133 4213 194 4256 quos
213 4197 457 4260 σπονδειάζοντας
477 4202 610 4255 appetunt:
631 4207 656 4245 ut
677 4204 736 4257 epod
756 4201 895 4244 Cornelium
907 4201 1039 4250 Serermn,
1059 4191 1139 4239 Pinea

13 4268 131 4314 iondosi
150 4282 221 4314 coma
242 4275 385 4313 murmurat
401 4268 536 4329 Apennini.
557 4270 677 4325 (,‚Sibilat
694 4273 754 4324 apud
770 4268 882 4313 Charis.¹’
900 4263 979 4318 Pith.)
