2750 4744
180 147 242 209 202

180 308 331 370 Athona
356 327 429 388 pars
450 323 621 387 procerum
643 300 740 364 tacita
761 299 874 363 libabit
900 320 1025 364 acerra.
1301 300 1321 361 5

181 411 280 471 Haud
302 407 401 470 cuivis
423 416 608 488 promptum
629 414 678 465 est
702 424 907 486 murmurque
932 401 1133 483 humilesque
1155 420 1321 464 susurros

183 511 317 573 Tollere
340 511 379 571 de
398 506 523 587 templis
547 517 577 568 et
599 516 711 586 aperto
736 503 846 566 vivere
870 515 964 568 voto.

182 612 300 684 „Mens
316 612 420 682 hona,
437 607 541 681 sama,
559 606 683 668 fidesl''
700 637 741 647 -
757 607 834 668 haec
850 606 936 667 clare
952 617 984 669 et
997 617 1032 668 ut
1047 605 1152 669 audiat
1168 607 1319 688 hospes:

183 712 245 774 Illa
267 710 328 772 sibi
350 711 522 771 introrsum
546 719 577 769 et
599 707 790 790 sublingua
815 707 1054 770 immurmurat:
1076 707 1182 781 „Osi

183 813 308 875 Ebullit
329 822 484 892 patruus,
508 808 706 890 praeclarum
728 806 870 870 sunus!”
894 819 943 870 et:
968 810 1074 882 „Osi
1276 810 1322 869 10

183 915 250 977 Sub
273 923 379 974 rastro
403 922 515 990 crepet
536 908 664 992 argenti
689 909 764 969 mibi
786 909 888 984 seria,
913 913 1032 975 dextro

182 1013 346 1080 Hercule!
367 1012 563 1093 pupillumve
587 1009 722 1084 utinam,
748 1031 841 1091 quem
865 1012 1035 1093 proximus
1057 1014 1153 1075 heres

181 1116 338 1196 Impello‚
364 1114 563 1194 expungam!
587 1129 722 1194 namque
745 1123 796 1173 est
819 1112 984 1189 scabiosus
1007 1124 1038 1175 et
1060 1115 1127 1176 acri

183 1218 255 1281 Bile
278 1226 389 1278 tumet.
434 1213 537 1276 Nerio
559 1212 618 1273 iam
642 1212 734 1275 tertia
758 1213 885 1275 ducitur
906 1214 1036 1276 unorl”

182 1321 276 1383 Haec
301 1328 408 1379 sancte
432 1327 465 1377 ut
486 1334 622 1396 poscas,
649 1314 806 1377 'l'iberino
828 1314 859 1376 in
887 1316 1025 1397 gurgite·
1042 1318 1159 1402 mergis
1276 1321 1321 1383 15

182 1423 283 1484 Mane
306 1428 401 1500 caput
422 1416 470 1479 bis
492 1429 606 1499 terque
630 1427 662 1478 et
684 1427 809 1478 noctem
833 1416 960 1479 flumine
987 1439 1120 1502 purgas.

184 1523 277 1584 Heus
300 1541 380 1603 age,
405 1520 582 1598 responde:
606 1548 646 1563 ·-
668 1516 827 1580 minimum
845 1529 893 1579 est
909 1521 996 1600 quod
1010 1521 1092 1581 scire
1111 1522 1255 1585 laboro:
1274 1558 1321 1569 —-
1372 1540 1373 1551 ¹

184 1626 235 1688 De
258 1625 340 1685 Iove
363 1619 439 1704 quid
460 1616 581 1680 sentis?
603 1630 709 1692 estne,
733 1630 767 1679 ut
789 1639 989 1699 praeponere
1011 1642 1104 1683 cures

183 1723 303 1787 Hune?
321 1767 358 1785 ..
396 1718 603 1793 „Cuinaml”
634 1718 792 1783 Cuinam?
822 1720 883 1782 Vis
909 1720 1032 1784 Staio?
1054 1753 1095 1766 -
1118 1744 1157 1784 an
1188 1724 1320 1788 scilicet

1028 1823 1166 1900 haeres,

185 1929 264 2010 Quis
286 1927 396 2010 polior
418 1927 512 1989 iudex
534 1924 682 2008 puerisve
705 1924 777 2007 quis
800 1923 907 2006 aptior
932 1924 1055 1989 orbis?
1274 1927 1323 1989 2ss

183 2034 260 2095 Hoc
283 2030 402 2114 igitur,
427 2050 492 2111 quo
515 2039 548 2090 tu
571 2026 661 2090 lovis
683 2047 791 2087 aurem
814 2025 977 2106 impellere
1000 2037 1130 2103 tentas,

184 2132 247 2196 Die
270 2133 402 2214 agedum
426 2130 535 2192 Staio.
558 2163 599 2174 -
633 2128 741 2208 „proh
763 2125 929 2207 luppiter!
966 2128 1133 2192 Ohone”
1137 2129 1318 2207 clamet,

184 2232 392 2314 Iuppiterl„
400 2263 440 2272 -
463 2241 493 2291 at
516 2249 585 2292 sese
610 2249 674 2291 non
696 2227 810 2289 elamet
833 2227 979 2309 luppiter
1001 2228 1095 2310 ipse?

186 2334 355 2416 lgnovisse
378 2344 488 2414 putas,
514 2332 607 2414 quia,
632 2350 728 2415 quom
751 2339 858 2405 tonat,
882 2329 972 2392 ocius
993 2330 1059 2393 ilex

258 2549 282 2596 5.
302 2551 401 2606 (libabit
418 2550 508 2595 onmes
526 2549 598 2609 mei.)
652 2550 676 2596 t.
696 2570 730 2584 ·-
747 2548 824 2595 Haud
839 2550 882 2595 cui
898 2551 940 2595 ius
959 2551 1013 2596 SM.
1033 2574 1066 2585 -·
1084 2550 1163 2597 Haud
1178 2556 1267 2600 ermis
1285 2558 1324 2601 R.

188 2622 225 2665 lb.
239 2644 272 2654 -—
290 2618 445 2678 hurnileapue
455 2618 563 2682 figures
581 2621 612 2664 R.
649 2621 686 2665 th.
707 2625 899 2678 -promptum
917 2633 982 2665 mur.
1003 2621 1078 2664 SFM.
1116 2620 1140 2665 8.
1162 2647 1195 2657 -
1215 2621 1267 2667 hoc
1282 2628 1322 2670 el.

187 2693 213 2734 S.
270 2688 293 2736 9.
322 2710 357 2723 -
383 2695 525 2733 murmurat
548 2689 623 2733 RSM.
681 2684 722 2732 1⁰.
751 2707 786 2722 -
803 2686 906 2732 ΕόιιῙΙα1
922 2689 952 2733 R.
974 2709 1003 2720 —
1023 2687 1111 2734 Ebulit
1129 2692 1154 2741 S.
1178 2716 1182 2720 Δ
1211 2694 1252 2740 lb.
1268 2709 1322 2751 pu·

185 2757 269 2818 truus]
290 2772 319 2803 ex
338 2759 431 2803 lleiusii
452 2759 528 2802 Godd.
550 2758 594 2802 rP.
620 2781 653 2790 -
676 2757 764 2813 patrui
781 2756 857 2805 Godd.
882 2760 929 2802 snei
951 2762 974 2802 st
990 2758 1049 2802 AM.
1074 2756 1136 2815 (un.
1158 2773 1181 2808 v.
1202 2758 1250 2807 10.
1271 2762 1323 2820 Τ.)

187 2827 228 2873 11.
249 2847 281 2864 a·
300 2829 402 2888 urgenti
430 2827 536 2870 miseria
564 2827 594 2871 E.
651 2823 693 2870 13.
714 2848 747 2859 -
764 2838 824 2869 nam
846 2827 899 2869 iam
921 2825 991 2870 acab.
1019 2830 1045 2871 S.
1067 2850 1099 2863 -
1123 2842 1185 2872 uam
1202 2830 1260 2874 ium
1280 2839 1324 2876 eet

185 2898 254 2941 acub.
275 2898 305 2941 F.
344 2894 386 2940 14.
406 2895 517 2953 ducitur]
538 2896 668 2940 2811-
686 2893 803 2938 eonditur
820 2893 917 2939 RVEA.
957 2893 1048 2940 15.-
1068 2903 1155 2941 sunete
1164 2912 1267 2954 porcae
1286 2902 1323 2944 lt.

246 2965 485 3029 -influrntneF.
506 2964 589 3008 llu-
557 2975 708 3022 -merges
724 2965 756 3006 V.
795 2961 890 3008 18.-
857 2978 955 3008 -cur
974 2969 1013 3008 est
1037 2965 1325 3013 mutuatantes

187 3032 310 3080 Culmum?
329 3031 444 3090 cuinam]
463 3033 568 3077 m).-
585 3031 651 3076 dunc
670 3032 771 3075 cuinam
795 3032 833 3076 ais
859 3034 943 3077 R.-
960 3031 1026 3077 tune
1044 3035 1184 3094 cuiquem?
1205 3040 1325 3082 cuinam

187 3106 282 3150 Τ8ΑΜ
304 3105 340 3148 lb
360 3099 868 3160 -seuio'1'.-rmgioF.——etadio
886 3102 970 3145 F..—
989 3105 1111 3152 stacten.
1134 3103 1176 3150 211.
1198 3130 1234 3140 -
1250 3122 1325 3164 pue-

188 3188 257 3218 resne
267 3175 297 3217 R.
318 3170 587 3231 2l.-Hocergol.
607 3169 766 3228 lb.-puod
774 3171 808 3214 Μ.
830 3170 864 3217 lb.
879 3194 907 3204 -
922 3173 1159 3225 temptueuvsam.
1182 3173 1226 3219 22.
1233 3174 1323 3234 prole}

185 3243 328 3287 TllVESM.
337 3265 358 3275 -
368 3255 416 3300 pro
426 3242 455 3285 Α.
476 3238 518 3285 23.
534 3238 606 3282 -ud
616 3239 753 3285 sese'l'EA.
768 3238 804 3283 lb.
816 3262 850 3273 —
859 3240 953 3284 clamet
964 3241 995 3285 V.
1017 3238 1058 3286 24.
1072 3264 1100 3274 -
1113 3244 1194 3288 altius
1204 3246 1276 3303 για
1285 3247 1322 3293 R.

188 3345 333 3357 ——ae

257 3411 372 3456 surius
391 3411 423 3454 ll.
462 3406 486 3455 5.
506 3410 688 3455 lidueitruW.
728 3406 769 3455 ll).
786 3411 875 3468 putrui
892 3412 973 3466 pr.
1011 3409 1054 3457 19.
1077 3411 1150 3457 Hune
1170 3414 1323 3473 cuiquam?

185 3483 286 3527 cuinam
305 3495 328 3536 p.
367 3477 408 3523 22.
425 3493 475 3537 pro
493 3493 517 3535 p.

256 3642 297 3689 13.
319 3641 454 3686 Proximus
473 3638 630 3701 expungam]
650 3642 764 3686 Traclum
785 3656 797 3684 a
822 3641 952 3695 militibus,
985 3644 1023 3699 qui
1050 3645 1163 3699 expuncti
1185 3647 1322 3702 dicuntur,

186 3718 241 3759 dum
257 3714 323 3756 foras
337 3725 350 3754 a
366 3709 453 3754 militia
469 3712 617 3754 eruittimtur.
656 3712 715 3755 ltern
735 3711 875 3765 metaphora
893 3725 908 3754 a
927 3711 1007 3766 bello,
1027 3713 1050 3755 in
1067 3727 1115 3769 quo
1125 3745 1132 3768 ,
1152 3717 1258 3760 cadente
1277 3719 1323 3773 qui

185 3786 276 3841 primus
301 3784 351 3833 est,
377 3780 566 3822 succenturiatus·
591 3780 662 3824 alius.
713 3776 754 3823 14.
775 3779 864 3824 Nerius
882 3786 960 3824 morte
984 3782 1112 3839 coniugum
1134 3784 1324 3840 locupletatus,

185 3856 308 3898 fenerator
336 3854 373 3892 est
397 3848 473 3891 factus
500 3849 656 3893 notissimus:
685 3850 714 3892 de
733 3862 780 3905 qno
803 3849 935 3903 Horatius,
967 3847 1006 3907 (5.
1027 3848 1057 3905 2,
1085 3848 1110 3897 3.
1133 3848 1188 3906 69.)
1226 3852 1325 3898 scribo

186 3922 270 3967 decem
291 3933 307 3962 a
322 3916 410 3964 Nerio.
450 3917 501 3960 Dos
521 3918 585 3960 enim
605 3931 619 3959 a
637 3918 687 3962 eivs
707 3917 815 3981 Romano
835 3919 907 3973 data,
933 3932 981 3962 uon
1007 3921 1086 3973 patrio
1109 3921 1173 3964 dicta
1195 3925 1323 3978 nomine,

186 3993 207 4034 si
236 3988 361 4043 repudium
391 3999 438 4028 nou
465 3985 634 4037 intervenerit,
669 3990 724 4038 post
752 3992 855 4031 mortem
881 3989 963 4032 uxoris
992 3990 1021 4030 ad
1054 3991 1169 4033 riiaritnm
1196 3994 1323 4045 pertinet.

189 4057 231 4103 19.
251 4058 330 4100 Staius
347 4060 411 4098 tutor
429 4052 570 4106 pupillarius
586 4050 640 4094 fuit.
678 4052 749 4096 Gutta
768 4059 792 4098 st
812 4055 889 4100 Albus
908 4054 939 4113 (l.
952 4053 1057 4111 Bulbus)
1074 4064 1097 4103 et
1116 4061 1191 4104 ceteri
1210 4073 1327 4117 praepo·

186 4128 244 4178 siti,
275 4124 372 4169 fuerunt
393 4122 498 4172 iudices,
528 4119 568 4173 qui
591 4117 615 4160 in
639 4119 737 4163 tuniano
762 4123 849 4168 iudicio
877 4127 1002 4181 corrupti,
1036 4125 1198 4183 Oppianicum
1218 4131 1327 4177 damna·

187 4197 280 4237 verunt.
