2762 4760
48 327 89 388 lle
110 342 241 406 veraque
264 331 364 383 metus
387 317 549 382 hominum
574 337 731 401 curaeque
754 336 905 400 sequaces

47 429 107 489 Nec
128 434 263 487 metuunt
279 422 401 485 sonitus
420 441 582 483 armorum
601 440 661 482 nec
682 418 752 482 sera
773 419 854 491 tela;

45 531 254 610 Audacterque
273 523 357 587 iuter
380 544 474 606 reges
495 543 665 606 rerumque
687 521 847 603 potenteis

46 633 219 692 Versantur
234 648 335 711 neque
356 627 519 708 fulgorem
542 635 731 689 reverentur
752 626 791 685 ab
811 642 889 685 auro

44 734 106 792 Nec
130 730 247 792 clarum
267 728 364 791 vestis
384 727 586 808 splendorem
609 729 803 809 purpurea'i:

43 831 120 911 Quid
138 831 277 906 dubitas,
300 832 375 914 quin
396 829 494 893 omni'
516 829 556 891 sit
577 831 657 892 haec
677 828 804 894 rationi'
828 840 986 909 potestas,

43 933 144 998 Omnis
166 956 264 1018 quom
283 932 316 995 in
338 930 477 995 tenebris
499 931 687 1013 praesertim
710 931 776 993 vita
798 931 946 994 laboret?

43 1039 115 1098 llam
136 1035 234 1098 veluti
256 1034 367 1116 puerei
386 1034 545 1116 trepidant
566 1045 660 1118 atque
684 1034 790 1098 omnia
811 1033 913 1097 caecis

42 1140 76 1201 In
94 1138 231 1213 tenebris
253 1149 414 1201 metuunt:
441 1137 487 1199 sic
508 1159 567 1200 uos
589 1136 621 1199 iu
643 1136 714 1199 luce
738 1136 883 1199 timemus

39 1241 214 1316 Interdum,
236 1239 337 1303 nihilo
362 1262 442 1324 quae
466 1251 536 1302 sunt
556 1242 722 1302 metuenda
744 1239 844 1323 magis
869 1261 963 1325 quam
1105 1241 1144 1301 55

43 1343 124 1421 Quae
144 1342 254 1423 puerei
273 1341 305 1403 in
322 1339 462 1404 tenebris
483 1341 627 1422 pavitant
646 1343 834 1426 finguntque
855 1341 973 1407 sutura.

41 1445 128 1506 Hunc
146 1444 246 1529 igitur
266 1456 426 1508 terrorem
452 1441 548 1506 animi
570 1446 781 1526 tenebrasque
802 1455 959 1506 necessest

39 1550 111 1610 Non
128 1549 228 1611 radici
249 1546 327 1611 solis
348 1569 449 1632 neque
467 1547 573 1609 lucida
593 1544 656 1606 tela
678 1544 741 1608 diei

40 1649 228 1725 Discutiunt,
253 1654 308 1712 sed
331 1663 460 1712 naturae
482 1648 604 1730 species
626 1647 786 1733 ratioque.

383 1835 461 1897 Lib.
479 1836 526 1897 ΙΙ.
552 1857 584 1896 v.
601 1836 791 1900 590-659.

99 1958 285 2040 Principio,
307 1955 400 2019 tellus
422 1957 517 2018 habet
536 1955 567 2017 in
591 1978 623 2019 se
645 1978 786 2038 corpora
807 1956 926 2037 prima,

39 2062 125 2124 Unde
146 2082 234 2122 mare
253 2060 437 2121 immensum
457 2058 623 2121 volventes
643 2058 771 2143 frigora
791 2059 898 2123 fontes

40 2162 170 2227 Assidue
193 2173 369 2226 renovent:
395 2162 507 2236 habet,
528 2159 619 2243 ignes
642 2165 723 2224 unde
748 2162 905 2226 oriantur.

39 2267 117 2326 Nam
139 2263 248 2327 multis
266 2284 416 2326 succensa
435 2263 517 2326 locis
538 2266 649 2325 ardent
667 2262 735 2326 sola
758 2275 882 2336 terrae3
973 2296 977 2297 ⁷
1062 2316 1066 2323 ,

39 2366 168 2430 Eximiis
193 2388 274 2430 vero
296 2365 375 2428 furit
395 2363 531 2450 ignibus.
547 2365 682 2446 impetus
704 2366 841 2428 Aetnae.

39 2472 116 2531 Tum
137 2491 243 2551 porro
261 2467 375 2532 nitidas
395 2468 507 2552 fruges
525 2470 715 2553 arbustaque
732 2468 814 2533 laeta
1082 2472 1141 2534 595

39 2571 192 2634 Gentibus
214 2571 357 2633 humanis
378 2573 475 2633 habet
495 2574 575 2632 uude
598 2572 754 2634 extollere
776 2573 898 2654 possit:

39 2782 142 2836 luerunt,
162 2788 274 2836 utsupra
290 2788 344 2836 post
361 2796 385 2825 v.
406 2780 448 2826 20.
464 2782 575 2837 Gottorp.
593 2788 619 2827 et
635 2783 745 2828 similiter
759 2783 793 2827 E.
806 2783 868 2827 Edd.
881 2788 939 2829 vett.
954 2784 1054 2829 hahent:
1075 2787 1146 2830 SAR·

39 2851 481 2901 nosnvssns'rsssca'rnsrnntn
510 2853 527 2895 i.
556 2866 578 2896 e.
607 2847 720 2920 σαρκὸς
741 2845 884 2914 εὐσταθὲς
909 2850 1094 2917 κατάστημα.
1123 2861 1147 2900 et

39 2921 86 2966 tib.
102 2920 126 2969 1.
146 2927 238 2977 postu.
255 2919 313 2966 949.
328 2920 388 2965 Cod.
401 2922 449 2968 E.:
471 2920 578 2978 Topotiu
591 2922 693 2977 pironto
710 2923 866 2982 gurgepirrs
884 2936 1048 2967 rnenonorroe
1066 2926 1084 2971 i.
1106 2938 1144 2977 e.‚

39 2992 55 3036 ri
73 2993 164 3046 fartor,
185 2986 220 3040 τὸ
240 2986 298 3038 πᾶν
316 2983 451 3061 ἄπειρον·
469 2986 504 3039 τὸ
525 2985 582 3059 γὰρ
600 2991 821 3057 πεπερασμένον
840 2983 933 3060 ἄωρον
951 2985 1015 3051 ἔχει
1038 3015 1066 3025 -
1090 3006 1146 3047 pro·

39 3063 155 3119 ligialiter
174 3066 232 3104 suut
249 3065 370 3115 corrupta.
407 3060 439 3103 Et
456 3066 534 3105 tamen
554 3062 599 3104 tale
618 3066 753 3116 portentum
765 3061 803 3103 hie
816 3063 914 3105 subesse
932 3067 1011 3114 potins
1029 3063 1147 3116 suspicari

39 3132 103 3184 ibet,
124 3145 199 3189 quam
217 3135 243 3173 ut
260 3131 307 3173 sint
323 3143 407 3175 versus
426 3130 551 3174 deformati
566 3135 607 3175 aut
621 3131 696 3184 ipsius
711 3130 818 3173 Lucretii
830 3134 871 3172 aut
882 3132 943 3173 alius
960 3133 1043 3183 poetae
1057 3131 1145 3174 Latini.

39 3200 131 3245 {ibrida
150 3204 210 3245 sunt
227 3201 298 3243 etiam
316 3201 357 3243 itta
375 3200 435 3243 Cod.
454 3200 484 3244 E.
503 3200 558 3244 Lib.
577 3197 608 3252 2,
628 3196 705 3247 1058.
728 3197 862 3243 ASPlROS
880 3198 1021 3247 MUNDOS.
1055 3201 1147 3244 Rursus

39 3276 84 3314 rost
102 3284 126 3315 v.
145 3268 191 3313 41.
211 3268 272 3314 Eud.
292 3275 346 3324 post
368 3270 451 3313 Lamb.
474 3270 622 3313 inculcarunt
643 3265 856 3337 διττογραφίαν
874 3267 1007 3312 Nonianam
1025 3272 1049 3313 in
1066 3268 1150 3313 Fer-rit

39 3352 54 3381 s.
71 3338 131 3384 7⁶7.
153 3339 284 3386 Gothum:
315 3337 417 3383 Ferrere
436 3350 508 3396 quom
525 3337 611 3383 uidene
629 3338 737 3381 clessam
755 3338 851 3396 lateque
869 3339 978 3399 ungor&
995 3340 1018 3383 in
1038 3353 1083 3396 qna
1102 3350 1147 3396 ego

39 3411 110 3453 totins
129 3401 259 3471 σφάλμα
276 3403 463 3472 μνημονικόν
481 3422 551 3466 quum
574 3421 627 3453 cum
644 3407 719 3452 Forb.
736 3409 837 3452 ulterius
854 3408 1003 3453 recensionis
1021 3410 1148 3466 vestigium

39 3491 149 3536 ignosco.
188 3477 255 3535 Ergo
274 3492 336 3523 nuuc
354 3479 454 3531 sustuli,
484 3479 556 3523 etiam
575 3480 603 3522 de
622 3477 706 3536 Pinzg.
727 3483 854 3523 sententia.
892 3478 1001 3523 nitantur
1020 3484 1100 3522 autem
1118 3490 1147 3524 ex

39 3549 68 3591 ris
86 3547 211 3593 Nouianis
230 3553 253 3591 et
271 3549 380 3591 lemmate
399 3549 441 3591 illo
459 3548 563 3590 barbaro
576 3548 634 3591 haec
647 3546 778 3592 confinxit:
798 3548 827 3591 st
845 3561 894 3591 non
905 3543 1051 3605 sorte-turs
1068 3548 1148 3608 legio·

39 3630 74 3661 ree
88 3632 143 3676 per
161 3617 220 3660 loca
237 3617 320 3673 cornpu'
336 3615 441 3661 Fervere
460 3630 532 3675 quom
550 3615 651 3670 rideas,
671 3617 779 3662 classem
796 3619 892 3673 lateque
910 3617 1002 3676 rugari
1014 3615 1148 3661 Ornatam-

39 3701 75 3731 rue
94 3686 182 3729 armis
200 3685 258 3729 bellu¹
275 3687 414 3730 simulacro
432 3687 537 3730 cientem
554 3684 603 3730 His
620 3686 666 3728 titt
683 3691 729 3730 cet.
778 3684 819 3729 12.
839 3691 889 3728 tum
909 3685 1039 3742 Gottorp.,
1059 3688 1149 3741 optimu

39 3757 177 3800 ructoritas.
193 3757 223 3798 Λ.
237 3755 267 3802 L.
285 3780 318 3789 —
335 3769 391 3800 cum
411 3756 438 3800 G.
456 3756 486 3799 E.
500 3757 543 3800 W.
557 3755 585 3798 F.
624 3751 665 3798 13.
685 3756 773 3798 timore
789 3755 850 3799 Cod.
860 3755 922 3799 Brit.
937 3756 962 3799 2.
977 3756 1048 3810 prob.
1061 3756 1147 3813 Pinzg.

39 3825 103 3869 lecte
125 3825 327 3883 Forb9defenrlit
350 3831 455 3869 nostram
478 3823 666 3868 lect.lirmata1n
684 3839 698 3868 a
717 3824 747 3869 G.
768 3824 798 3869 E.
853 3822 895 3868 ll.
910 3831 1000 3881 peetus
1015 3825 1045 3869 L.
1066 3831 1149 3869 contra

39 3892 63 3938 G.
80 3896 111 3939 C.
127 3894 160 3937 E.
202 3894 243 3939 51.
264 3895 322 3953 quin
335 3908 405 3950 ornae
418 3893 508 3938 sithoc
521 3894 629 3937 rationis
642 3900 752 3953 egestus.
774 3895 838 3938 Hanc
851 3895 895 3941 Ar.
909 3896 1061 3938 temerarium
1074 3896 1148 3937 tuter-

39 3966 186 4008 tolationem
204 3978 286 4008 omnes
304 3965 378 4009 secuti
397 3969 466 4016 suot,
488 3978 561 4021 usque
579 3965 607 4007 ad
627 3964 686 4009 llus.
706 3979 719 4007 a
736 3965 854 4023 Pretgero
872 3966 922 4008 reri
941 3964 1094 4007 admonitum.

439 4090 493 4134 Lm.
509 4091 541 4138 ll.
561 4105 584 4135 r.
600 4072 756 4136 590—659'.

83 4175 150 4223 591.
164 4172 274 4236 frigore
291 4178 308 4221 i.
326 4192 348 4222 e.
369 4155 595 4236 aquamfrigidam,
617 4179 693 4223 Codd.
709 4184 767 4223 vett.
781 4180 853 4222 etiam
865 4178 910 4220 Αν.
931 4177 972 4218 W.
995 4196 1025 4207 -
1039 4173 1150 4236 flumina

39 4247 168 4291 obitu-aria
185 4245 224 4291 Pii
243 4246 376 4292 emendatio
396 4254 535 4293 conservata
553 4250 583 4293 ab
598 4248 725 4301 erunibus,
745 4249 816 4292 etium
835 4244 927 4290 Eichst.
