2762 4760
227 226 268 290 to

227 382 376 470 Vitigeni
403 380 529 446 laticem
554 377 742 445 mortalibus
763 374 959 452 instituisse3

233 486 340 567 Quom
360 496 465 548 tamen
486 482 536 546 his
557 491 668 566 posset
690 478 757 544 sine
780 482 878 543 rebus
900 477 967 541 vita
986 498 1131 553 manere,

226 587 272 652 Ut
292 588 408 651 samast
427 585 551 670 aliquas
571 583 666 648 etiam
689 603 773 646 nunc
796 579 906 645 vivere
930 580 1072 665 genteis:

228 691 275 753 At
296 691 378 752 bene
399 708 464 752 non
486 697 616 769 poterat
634 683 702 749 sine
722 705 806 767 puro
827 692 963 765 pectore
987 683 1069 747 rivi.

226 790 303 872 Quo
327 787 428 874 magis
449 787 503 851 bic
524 785 639 851 merito
661 785 758 850 nobis
778 787 868 850 Deus
885 805 954 848 esse
975 783 1119 860 videtur,

228 893 284 955 Ex
305 912 370 975 quo
394 910 477 951 nunc
499 886 592 951 etiam
613 908 673 968 per
697 905 826 970 magnas
850 883 947 947 didita
970 882 1093 968 genteis

226 990 344 1057 Dulcia
364 988 563 1074 permulcent
583 987 706 1051 animos
726 985 843 1051 solatia
865 983 963 1048 vitae.

291 1090 444 1155 Herculis
464 1087 615 1154 antistare
634 1099 737 1152 autem
757 1086 785 1151 si
804 1087 890 1150 iacta
914 1085 1061 1167 putabis,

227 1191 375 1278 Longius
393 1213 411 1254 a
433 1211 509 1255 vera
533 1190 632 1255 multo
652 1189 778 1253 ratione
800 1187 920 1252 serere.

228 1294 314 1376 Quid
333 1296 510 1357 Nemeaeus
528 1291 610 1356 enim
631 1288 726 1355 nobis
745 1312 828 1354 nunc
850 1311 983 1375 maguus
1002 1290 1107 1355 hiatus

225 1396 288 1460 Ille
309 1395 413 1460 leonis
436 1397 564 1458 obesset
584 1404 616 1457 et
636 1394 775 1458 horrens
797 1392 960 1456 Arcadius
981 1393 1058 1457 sus?

228 1496 375 1583 Denique
398 1494 475 1581 quid
498 1494 615 1560 Cretae
635 1507 745 1558 taurus
765 1496 976 1579 Lernaeaque
997 1493 1115 1578 pestis,

227 1601 361 1683 Hydra,
386 1596 546 1661 venenatis
569 1608 679 1680 posset
702 1596 819 1659 vallata
838 1596 1007 1660 colubris?

229 1700 356 1782 Quidve
379 1698 562 1781 tripectora
582 1696 753 1783 tergemini
770 1696 819 1761 vis
842 1698 1034 1779 Geryonai?

230 1804 275 1866 Et
292 1799 462 1866 Diomedis
483 1799 578 1885 eqnei
602 1798 761 1881 spirantes
783 1799 914 1863 naribus
937 1799 1063 1885 ignem,

230 1905 381 1967 Thracen
403 1900 630 1985 Bistoniasque
651 1901 764 1985 plagas
785 1911 880 1986 atque
902 1902 1024 1965 Ismara
1044 1913 1199 1985 propter,

229 2008 336 2069 Tanto
363 2024 463 2086 opere
483 2003 648 2065 officerent
668 2001 764 2066 nobis
788 2001 954 2087 [uncisque
976 2002 1133 2068 timendae

227 2104 398 2190 Unguibus
417 2102 579 2166 Arcadiae
603 2102 767 2181 volucres]
791 2103 979 2187 Stymphala
1002 2105 1169 2169 colentes?

227 2210 401 2291 Aureaque
421 2204 638 2289 Hesperidum
659 2225 792 2268 servans
812 2204 970 2290 fulgentia
992 2206 1097 2284 mala,

227 2310 353 2391 Asper,
376 2307 494 2370 acerba
514 2316 625 2382 tuens,
647 2305 778 2368 immani
800 2327 943 2390 corpore
965 2326 1114 2391 serpens,

228 2407 373 2474 Arboris
395 2408 561 2492 amplexus
582 2407 732 2491 stirpem
755 2406 834 2493 qnid
856 2407 992 2493 denique
1014 2396 1159 2488 obesset,
1313 2415 1347 2477 35

280 2609 323 2657 29.
343 2611 419 2656 Codd.
439 2623 523 2656 omnes
546 2609 629 2668 (etiarn
648 2610 678 2655 G.
690 2609 722 2656 Ε.
742 2615 781 2665 et,
801 2614 827 2654 nt
844 2610 946 2665 opinor,
967 2610 1040 2657 Vind.
1059 2611 1104 2656 etei
1122 2610 1236 2671 ambigue
1253 2614 1348 2660 Alteres

227 2694 251 2726 r.
266 2677 310 2725 31.
324 2676 367 2726 ³2.
380 2680 410 2724 eb
422 2695 452 2726 eo
465 2680 543 2724 omitti
554 2676 654 2736 refert.)
666 2679 728 2725 Eud.
747 2685 806 2724 vett.
825 2677 858 2724 Et
872 2677 1006 2724 Diomedis
1025 2682 1110 2740 aquei,
1130 2681 1263 2740 spirantes
1284 2685 1349 2729 nari·

228 2749 275 2794 bus
295 2750 381 2809 ignem
400 2748 482 2794 Tanto
498 2761 573 2806 opere
591 2744 723 2810 ‹afficerent
745 2748 818 2793 nobis
835 2745 987 2808 Stymphala
1004 2750 1114 2795 colentes
1133 2748 1251 2795 Thracia
1269 2751 1348 2798 Bisto-

226 2819 333 2877 uiasque
346 2820 444 2878 plagas
463 2823 536 2877 atque
553 2817 654 2862 Ismara
669 2817 792 2876 propter?
822 2832 876 2862 cuns
899 2819 1013 2864 varietate
1038 2820 1079 2864 vix
1097 2820 1170 2867 ullius
1187 2825 1312 2869 ruornenti
1328 2836 1347 2868 s.

227 2901 251 2933 c.
271 2885 415 2949 efficerent,
435 2885 586 2943 slimphala,
607 2884 736 2942 Trinacia,
757 2883 865 2932 Trhatia
877 2889 988 2937 v.Wak.
1017 2888 1136 2934 Aventius
1154 2890 1249 2945 primus
1270 2894 1348 2951 vulga·

227 2962 277 3000 laun
301 2957 428 3002 lectionem
452 2957 556 3003 exhibet.
588 2954 663 2999 Plura
686 2956 823 2999 iamdudum
846 2957 871 3001 h.
896 2958 913 3002 l.
942 2956 1037 3001 turbela
1060 2959 1135 3004 luisse
1159 2966 1281 3017 apparet,
1313 2962 1348 3006 set

227 3039 300 3084 quum
323 3026 406 3070 doetus
433 3025 519 3082 uliquis
546 3025 705 3080 interpolator
728 3036 841 3071 versuum
864 3027 1052 3082 transmitione
1079 3033 1103 3073 el
1120 3030 1295 3085 supplemento
1312 3031 1348 3075 ille

228 3095 347 3153 uncisque
366 3119 376 3130 -
395 3119 405 3129 ·
423 3095 537 3139 volucres
555 3094 616 3138 hund
634 3094 765 3139 infeliciter
783 3108 812 3138 ea
828 3096 993 3154 redintegrare
1012 3102 1111 3141 conatus
1130 3099 1176 3152 eit,
1214 3096 1290 3155 (num
1312 3101 1348 3143 bo·

229 3165 315 3222 dicque
332 3160 437 3207 artifices
456 3164 479 3207 in
497 3161 614 3221 fingendis
633 3163 835 3218 Stymphalidibus
859 3170 990 3221 sequuntur
1008 3167 1085 3210 nostrl
1104 3168 1275 3214 emendatoris
1294 3170 1347 3213 iudi-

227 3235 291 3278 cinsn
301 3245 309 3290 3
320 3246 344 3277 v.
352 3233 461 3276 visconti
472 3232 784 3280 MneeoPioaClcmentino.
796 3234 827 3278 T.
839 3233 882 3280 lv.
891 3246 915 3288 p.
927 3231 1041 3280 ΜΝ.
1049 3234 1162 3290 Mediol.)
1175 3249 1221 3281 nec
1232 3251 1348 3294 respuen-

227 3305 282 3347 dam
299 3302 356 3346 duxi
374 3302 503 3346 lectionem
521 3298 657 3355 Thracem
675 3303 712 3346 coi
732 3316 762 3347 ex
780 3304 848 3349 codd.
862 3302 905 3346 W.
919 3303 1012 3347 Eichst.
1028 3304 1204 3348 substituerunt
1217 3304 1347 3359 Thracia‚·

226 3373 284 3416 loca
302 3370 367 3416 enim
384 3370 529 3427 cogitatione
547 3371 653 3424 suppleri
672 3383 742 3425 posse
761 3372 801 3415 vix
814 3371 930 3417 arbitror.
951 3373 976 3416 ln
991 3372 1078 3417 talibus
1091 3374 1201 3428 profecto
1214 3380 1260 3419 aut
1275 3375 1346 3420 Codd.

228 3441 300 3486 lectio
320 3440 428 3497 quamvis
448 3452 531 3482 rrrsnca
548 3437 599 3483 sine
618 3440 667 3482 nlla
684 3440 799 3485 varietate
816 3441 941 3485 retinenda
959 3446 996 3485 est
1012 3447 1054 3486 unt
1069 3443 1092 3485 in
1106 3441 1241 3488 levioribus
1256 3457 1347 3502 quoqne

227 3510 375 3555 correctoris
393 3508 481 3552 iudicio
499 3505 721 3561 obtemperandum.
751 3506 889 3553 Thraciam
901 3510 1026 3565 dissyllab.
1042 3510 1201 3556 ediditFor-b.
1252 3511 1299 3558 36.
1318 3514 1348 3557 lta

229 3579 305 3624 codd.
329 3575 354 3622 l.
373 3576 435 3622 ΕΜ.
452 3580 512 3621 vett.
531 3575 577 3621 Ar.
592 3576 623 3620 Ρ.
643 3574 739 3620 Oceani
746 3583 851 3636 propter
863 3578 893 3624 A.
907 3579 956 3624 Alii
970 3580 1047 3625 Codd.
1066 3578 1172 3639 Propter
1188 3578 1345 3633 Aetnaeum,

227 3647 402 3699 nectareum,
417 3645 565 3699 Atiuneum,
584 3643 746 3701 Actioneurn,
773 3648 833 3692 uncle
851 3647 937 3693 Lesnb.
961 3651 1056 3694 demum
1076 3648 1182 3706 Propter
1203 3649 1347 3696 Atlantem

227 3718 293 3762 lecit.
313 3717 342 3761 fl.
355 3716 397 3760 W.
410 3716 502 3760 Eicbst.
527 3714 623 3759 Etenim
642 3714 729 3774 ubique
747 3716 798 3762 lere
816 3716 947 3762 obliterare
966 3724 1117 3763 tentaverunt
1134 3720 1230 3763 librarii
1253 3720 1346 3766 adiecti·

227 3800 282 3832 vnm
300 3784 432 3839 Oceanus,
463 3785 509 3829 nisi
534 3784 573 3828 nbi
599 3787 664 3830 nulle
688 3786 789 3843 deniqne
813 3788 906 3831 ratione
930 3788 1051 3843 eorrumpi
1078 3792 1173 3843 poterat
1190 3790 1272 3835 veluti
1292 3791 1344 3834 Tse.

228 3857 314 3901 Annal.
328 3853 357 3909 1,
375 3851 399 3899 9.
419 3855 487 3898 inari
503 3852 612 3899 Oceano.
643 3851 775 3913 [Pornpon.
790 3856 855 3900 Mela
867 3853 897 3910 3,
912 3852 937 3901 3.
957 3855 1097 3901 Gerenania
1108 3883 1118 3893 -
1131 3882 1142 3893 ·
1157 3855 1266 3904 Oceano
1278 3860 1345 3903 lilors

227 3923 333 3971 obducta
350 3929 405 3968 est:
423 3925 485 3980 quod
503 3926 637 3979 exemplum
654 3940 707 3970 rem
724 3923 835 3974 conficit:
854 3925 928 3969 babes
946 3926 993 3969 iam
1012 3927 1036 3970 in
1049 3927 1128 3970 solutu
1140 3927 1257 3973 oratione
1272 3927 1346 3973 Ocea·

227 4008 286 4039 num
303 3994 374 4039 litus.
394 3994 439 4038 clr.
458 3998 584 4049 praeterea
597 3993 705 4039 Oudend.
722 3997 750 4039 ad
764 3995 894 4040 Caesarem
906 3995 937 4038 Τ.
952 3994 974 4038 1.
986 4008 1010 4050 p.
1023 3993 1048 4039 8.
1061 3995 1106 4039 Ed.
1118 3997 1208 4055 Stuttg.
1232 3997 1345 4043 Ceterum

227 4065 272 4110 (ld.
291 4063 323 4109 E.
341 4064 402 4107 banc
419 4062 491 4108 babet
508 4059 736 4132 διττογραφίανι
756 4063 886 4109 Oceanum
899 4070 1004 4122 propter
1020 4064 1082 4109 litus
1095 4065 1236 4125 pelugiqw
1257 4077 1346 4111 sonora

227 4133 333 4192 Propter
350 4133 450 4178 aeliane
468 4132 511 4178 ubi
526 4133 588 4177 litus
602 4134 739 4193 pelagique
756 4147 854 4179 severa.
875 4132 919 4177 Cd.
932 4133 977 4178 C.:
996 4132 1101 4192 Propter
1113 4135 1279 4179 arelianeuese
1289 4135 1345 4180 tius

224 4203 361 4263 pelagique
377 4201 413 4260 s.]
431 4226 465 4237 -
479 4202 616 4261 pelagique
635 4214 722 4246 severa
740 4204 783 4248 W.
796 4202 890 4246 Eichet.
918 4203 965 4246 Sed
984 4203 1055 4248 iidem
1069 4201 1099 4259 6,
1120 4201 1179 4259 ⁶¹9,
1200 4204 1244 4248 sbi
1266 4205 1346 4249 eaden

228 4273 330 4320 caristus
347 4272 465 4326 recurrit,
485 4272 602 4316 dederunt
616 4271 723 4331 pelage,
744 4272 832 4317 atinde
842 4285 856 4316 e
865 4272 950 4318 bamb.
962 4273 987 4318 h.
999 4274 1019 4322 l.
1031 4286 1125 4332 quoque
1138 4274 1277 4332 edebatur,
1297 4285 1346 4321 cun
