2772 4750
42 329 169 401 Flebis;
193 349 258 390 non
280 337 333 390 tua
356 335 428 392 siant
451 327 532 388 driro
554 326 742 407 praecordia
764 326 855 390 lerro

104 429 225 492 Vincta
247 450 307 491 nee
328 426 361 489 in
383 438 495 490 tenero
518 437 581 490 stat
602 425 661 489 tibi
683 428 783 492 corde
804 427 896 493 silex.

40 532 106 596 Illo
129 553 194 594 non
216 528 340 593 iuvenis
361 528 482 610 poterit
504 532 545 591 de
564 530 676 592 sunere
697 529 863 614 quisquam

106 631 260 706 Lumina,
284 651 347 693 non
372 629 489 713 virgo,
513 629 596 692 sicca
618 631 741 694 referre
764 635 904 696 domum.

42 736 97 796 'l'u
118 734 240 795 Manes.
257 755 296 795 uc
319 733 408 795 laede
430 751 537 794 meos:
560 735 616 796 sed
636 753 735 814 parce
757 733 870 797 solutis

106 833 261 898 Crinibus
283 845 314 896 et
335 831 473 909 teneris,
496 833 607 909 Delia,
632 854 730 915 parce
753 835 856 920 genis.

41 937 189 1010 Interea,
214 939 287 997 ditm
309 936 374 1003 lata
396 935 521 1009 sinunt,
544 933 713 1019 iungamus
735 957 878 1002 arbores:

105 1040 171 1101 laur
197 1037 300 1100 veniet
323 1038 463 1099 tenebris
485 1039 581 1100 Mors
603 1040 757 1120 adoperta
779 1051 894 1121 caput;

42 1141 110 1202 Iam
134 1141 288 1220 subrepet
309 1137 394 1201 iners
415 1151 501 1201 aetas
523 1160 626 1224 neque
648 1161 754 1204 amare
776 1132 924 1219 decebit,

38 1287 41 1291 -
105 1242 226 1305 Dicere
247 1262 305 1302 nec
327 1261 408 1304 cano
431 1239 595 1302 blanditias
618 1241 736 1323 capite.

43 1345 139 1405 Nune
159 1341 239 1405 levis
262 1354 309 1404 est
330 1345 495 1404 tractanda
518 1344 750 1418 Venus,=dum'
767 1345 919 1427 frangere
942 1356 1053 1427 postes

105 1447 182 1507 Non
205 1446 302 1526 pudet
323 1455 356 1507 et
377 1443 468 1506 rixas
490 1442 660 1507 inseruisse
681 1444 782 1508 iuvat.

41 1545 108 1608 Hic
130 1567 194 1629 ego
217 1548 282 1608 dux
303 1546 455 1628 milesque
477 1547 580 1608 bonus
594 1561 707 1623 avos,¹
731 1546 821 1631 signa
843 1550 1021 1633 tubaeque,
1119 1555 1157 1614 tt
1190 1630 1195 1643 .

108 1649 158 1710 Ite
180 1647 318 1728 procul,
343 1646 465 1728 cupidis
489 1648 620 1711 volnera
641 1647 724 1711 lerte
747 1649 849 1723 viris;

43 1749 142 1811 Ferte
165 1759 196 1810 et
218 1769 317 1830 opes:
341 1768 405 1831 ego
427 1746 611 1828 composito
626 1769 764 1823 securus
786 1770 905 1814 acervo
999 1803 1000 1806 ,
1024 1808 1027 1818 .

107 1848 291 1932 Despiciam
313 1849 392 1912 dites
414 1849 649 1935 despiciamque
670 1849 799 1915 famem.

379 2037 458 2098 un.
483 2038 511 2100 1.
556 2036 824 2100 nunciam.
868 2114 872 2134 Ι

44 2155 135 2220 lbitis
158 2157 305 2239 Aegaeas
328 2154 394 2217 sine
416 2177 482 2234 me,
505 2156 664 2233 Messala,
688 2160 885 2245 possibiles,

105 2258 136 2322 0
159 2258 276 2320 utinam
300 2277 455 2321 memores
478 2257 547 2338 ipsc
569 2258 753 2342 cohorsque
776 2260 853 2321 mei!

41 2362 102 2424 Me
122 2370 210 2422 tenet
230 2357 349 2442 ignotis
371 2379 503 2442 aeguum
525 2358 682 2422 Phaeacia
705 2359 817 2423 terris:

105 2461 278 2531 Abstineas
298 2460 426 2536 atridas,
450 2462 567 2539 Mors,
590 2481 726 2543 precor,
749 2472 835 2538 atra,
859 2467 986 2530 manus!
1034 2484 1037 2493 ·

40 2563 234 2638 Abstineas,
258 2564 355 2627 Mors
377 2574 466 2638 atra,
490 2562 630 2644 precor!
654 2565 729 2626 Non
753 2563 805 2627 bic
827 2564 902 2627 mibi
924 2578 1039 2642 nister,
1137 2573 1155 2632 5

106 2665 196 2744 Quae
218 2665 306 2748 legat
326 2665 359 2727 in
382 2676 518 2728 maestos
541 2686 612 2729 ossa
636 2677 765 2746 perusta
787 2665 892 2739 sinus;
943 2676 946 2681 “
1239 2653 1242 2660 ’

42 2768 120 2829 Non
143 2786 258 2841 soror,
282 2765 438 2846 Assyrios
460 2766 560 2829 cineri
581 2768 777 2850 quaededat
798 2770 917 2842 odores
1020 2769 1024 2792 ³

106 2869 152 2931 Et
173 2868 247 2931 fleat
268 2867 376 2930 effusis
398 2878 470 2930 ante
493 2867 639 2949 sepulcra
662 2867 790 2940 comise·

39 2970 134 3034 Delia
157 2989 396 3053 nonnusquam,
420 2969 501 3052 quiae
522 2990 572 3032 ine
594 2990 692 3053 quom
715 2969 851 3032 mitteret
874 2971 977 3044 urbe,

104 3070 233 3134 Dicitur
253 3082 324 3133 ante
347 3092 458 3133 omnes
478 3069 676 3133 consuluisse
699 3073 790 3133 deust
1117 3072 1155 3132 lo

39 3173 102 3236 Illa
125 3193 234 3234 sacras
255 3171 349 3254 pueri
370 3183 476 3235 sortes
498 3182 548 3234 ter
569 3171 717 3234 sustulit:
741 3169 789 3231 illi
850 3220 851 3225 ,

104 3272 241 3338 Rettulit
262 3295 279 3335 e
302 3272 406 3337 triviis
427 3272 530 3337 omina
554 3283 641 3336 certa
662 3293 755 3354 prior.
847 3325 850 3331 ,

37 3456 69 3501 t„
90 3475 124 3490 -
139 3455 225 3513 potine
239 3460 374 3514 pereatque
392 3457 464 3514 volgo
481 3469 511 3500 ex
529 3455 594 3499 libro
614 3468 663 3498 uno
676 3438 765 3507 sistit,
787 3440 998 3514 inanigetegantta.
1043 3456 1104 3499 'l'uin
1123 3456 1153 3498 V.

37 3523 186 3584 zmaragdi.
253 3523 294 3568 ⁶1.
314 3528 370 3568 inec
387 3522 466 3568 Delie
479 3525 552 3568 Beck,
577 3524 606 3567 V.
667 3519 708 3567 71.
729 3524 772 3567 Sic
787 3524 867 3570 'l'arib
884 3521 951 3569 Hiet.
973 3519 1002 3574 1,
1026 3519 1068 3567 23.
1088 3525 1155 3567 inse-

37 3592 120 3637 tendo
149 3594 273 3652 querelor.
298 3593 351 3637 Liv.
371 3589 425 3646 35,
453 3589 494 3639 li.
526 3605 593 3636 nune
618 3593 734 3648 querelas
758 3604 824 3635 nunc
845 3589 1027 3647 postulationes
1051 3592 1153 3637 inserit.

36 3663 104 3707 vett.
128 3661 157 3716 l,
179 3659 213 3715 2,
233 3660 257 3705 2.
277 3661 382 3705 iniicere
401 3662 499 3706 rixam.
518 3683 552 3696 ·-
569 3661 731 3705 conseruisse
750 3658 809 3704 oda.
831 3660 888 3718 aliq.
908 3661 939 3704 V.

453 3730 507 3775 Las.
527 3730 548 3773 1.
584 3728 746 3774 ennom.

93 3800 199 3845 Carmen
216 3813 239 3843 a.
261 3796 320 3845 725.
334 3799 451 3854 scripturn
468 3799 605 3852 Corcyrae,
625 3798 665 3842 ubi
678 3798 797 3846 Messala.
818 3799 842 3842 in
861 3797 972 3843 Ciliciam
991 3801 1115 3859 navigatur
1134 3815 1154 3853 s,
1251 3804 1254 3813 ’

38 3868 167 3914 Tibullum
183 3868 269 3912 morbo
282 3869 425 3924 implicitum
446 3867 586 3924 reliquerat.
640 3864 665 3910 2.
685 3873 757 3926 tuque
775 3867 837 3911 Coi.
853 3864 876 3912 1.
890 3869 922 3911 V.
978 3865 1002 3912 7.
1022 3864 1113 3913 condat
1149 3900 1154 3912 .

38 3939 104 3983 coni.
114 3933 253 3996 -suedot
261 3937 370 3983 Broulsb.
384 3961 415 3972 -
424 3935 515 3982 reddet
525 3937 562 3980 vel
575 3919 646 3982 didas
655 3935 731 3989 Hero.
747 3933 772 3981 9.
784 3949 889 3994 uequum
897 3940 935 3979 ert
946 3935 991 3981 te.
1005 3934 1081 3984 1172.
1097 3938 1154 3980 inin.

37 4007 111 4062 prob.
137 4006 259 4051 fluscblio
277 4007 348 4054 Auel.
370 4020 396 4062 p.
417 4004 476 4051 ⁶9⁹.
512 4004 544 4048 El
560 4007 595 4049 ita
613 4006 689 4056 llevn.
708 4005 763 4050 Del.
781 4017 867 4050 rursus
884 4004 913 4048 b.
934 4005 971 4047 lb.
990 4018 1061 4062 quom
1079 4006 1159 4048 mitte·

39 4081 79 4124 ret
93 4089 149 4120 com
168 4075 228 4120 coa.
244 4075 273 4120 L.
299 4088 390 4134 „quom
409 4076 433 4120 in
451 4079 578 4129 coesset,
598 4074 864 4132 utmitteret51ubiil
885 4077 995 4127 tempus,
1026 4083 1073 4127 qno
1100 4073 1157 4114 mir-

39 4158 97 4188 sara
115 4143 195 4189 erat.”
229 4144 283 4190 Non
300 4145 438 4190 necessaria
455 4148 492 4188 est
505 4142 601 4190 Dcuzae
611 4143 675 4190 coni.
694 4146 766 4202 vulgo
784 4147 879 4197 recepta
897 4152 981 4199 prom.
1017 4139 1069 4183 Cli.
1089 4139 1157 4184 llauil

41 4211 157 4260 Turseli·
180 4213 207 4269 l,
228 4227 252 4270 p.
273 4210 333 4260 ill.
