2762 4760
223 166 263 230 72

225 322 465 391 Contrahitur?
487 321 567 409 quei
587 342 652 388 non
671 332 848 406 correpunt
868 323 1009 385 membra
1030 340 1175 402 pavore,

224 425 381 492 Fulminis
403 424 555 491 horribili
572 445 671 511 quom
690 424 787 508 plaga
807 421 933 488 torrida
953 422 1048 487 tellus

225 526 409 596 Contremit
431 538 463 593 et
484 549 632 612 magnum
655 535 849 609 percurrunt
870 546 1031 588 murmura
1052 523 1199 588 eaelum?
1270 522 1348 586 1220

223 634 302 698 Non
321 629 454 714 populei
473 641 646 715 gentesque
666 627 828 692 tremunt?
849 649 1008 713 regesque
1031 624 1182 710 superbei

225 732 419 816 Corripiunt
439 731 549 795 divdm
570 728 730 815 perculsei
752 733 894 794 membra
912 728 1047 805 timore,
1081 762 1088 767 ·

222 838 274 901 Ne
297 837 386 922 quod
408 836 452 898 nb
473 832 640 896 admissum
664 832 761 897 foede
785 830 945 895 dictumve
964 834 1105 915 superbe

224 941 408 1004 Poenarum
433 957 534 1021 grave
556 934 598 998 sit
618 933 769 999 solvendi
786 945 911 1017 tempus
931 932 1101 997 adactum?

290 1040 418 1103 Summa
437 1037 531 1102 etiam
555 1058 654 1122 quom
681 1034 731 1099 vis
754 1034 888 1100 violenti
910 1057 969 1118 per
992 1056 1078 1098 mare
1101 1033 1191 1098 venti
1271 1033 1348 1097 1225

225 1142 492 1226 Induperatnrem
512 1137 621 1203 elassis
640 1159 736 1220 snper
757 1159 898 1224 aequora
922 1136 1023 1201 verrit

226 1243 310 1311 Gnm
335 1242 448 1306 validis
470 1241 593 1325 pariter
613 1239 796 1325 legionibus
819 1250 914 1325 atque
934 1237 1126 1322 elephantis,

226 1347 304 1411 Non
328 1343 438 1408 divdm
459 1364 570 1427 pacem
593 1343 679 1408 votis
700 1340 766 1405 adit
791 1363 829 1405 ae
850 1362 949 1425 prece
971 1340 1095 1427 quaesit

227 1428 413 1512 Ventorum
428 1444 564 1529 pavidus
585 1466 682 1528 paces
705 1443 886 1530 animasque
908 1443 1084 1509 secundas?

230 1547 475 1634 Nequidquam:
505 1546 658 1633 quoniam
681 1545 825 1611 violento
848 1530 976 1611 turbiue
998 1567 1091 1630 saepe
1277 1548 1349 1610 1200

229 1650 413 1733 Corruptus
435 1648 536 1713 nihilo
559 1649 664 1712 fertur
682 1647 785 1711 minus
807 1650 847 1715 ad
868 1650 949 1711 rada
972 1647 1041 1712 leti.

228 1754 339 1838 Usque
362 1755 443 1816 adeo
465 1772 517 1815 res
541 1753 693 1814 humanas
716 1750 766 1813 vis
787 1748 895 1813 abdita
916 1754 1069 1836 quaedam

232 1852 363 1918 Obterit
384 1863 415 1917 et
435 1853 569 1936 pulcros
590 1851 708 1915 fasceis
728 1873 902 1937 saevasque
923 1850 1066 1917 secureis

230 1955 431 2021 Proculeare
454 1976 492 2018 ae
514 1953 657 2019 ludibrio
679 1953 740 2017 sibi
762 1956 881 2018 habere
903 1953 1044 2019 videtur.

292 2054 458 2141 Denique,
481 2057 540 2119 sub
560 2054 696 2137 pedibus
717 2056 811 2119 tellus
832 2078 931 2141 quom
951 2067 1021 2122 tota
1046 2055 1177 2120 vacillat
1277 2058 1349 2121 1205

230 2158 480 2243 Concussaeque
501 2159 617 2220 eadunt
638 2160 734 2221 nrbes
757 2157 936 2244 dubiaeque
958 2157 1137 2221 minantur:

231 2260 319 2342 Quid
339 2259 470 2335 mirum,
493 2259 521 2324 si
539 2281 573 2323 se
595 2270 737 2324 temnunt
755 2258 903 2324 mortalia
925 2260 1010 2324 secla

230 2366 340 2448 Atque
361 2373 538 2446 potestates
559 2383 690 2446 magnas
709 2360 870 2447 mirasque
887 2360 1071 2446 relinquunt

231 2465 270 2527 In
293 2466 389 2526 rebus
410 2462 507 2528 vireis
530 2462 660 2539 divdm,
682 2484 764 2548 quae
789 2474 903 2527 cuneta
924 2465 1126 2549 gubernent?

275 2565 373 2644 Quod
385 2565 1224 2652 superest,aesatqueaurumferrumquerepertumst
1272 2568 1350 2630 1210

233 2669 277 2731 Et
293 2665 385 2730 simul
408 2667 534 2752 argenti
555 2670 682 2750 pondus
702 2664 890 2752 plumbique
910 2679 1070 2750 potestas,

232 2768 324 2853 Ignis
347 2769 410 2832 ubi'
423 2768 580 2855 ingenteis
602 2768 702 2833 silvas
723 2772 843 2833 ardere
866 2780 1024 2833 cremarat

233 2870 407 2935 Montibus
425 2870 457 2934 in
480 2869 603 2955 magnis
624 2891 680 2935 seu
701 2870 781 2934 caeli
798 2870 931 2935 fulmine
952 2870 1067 2948 misso,

234 2972 309 3036 Sive
333 2974 421 3059 qued
443 2972 526 3039 inter
544 2994 577 3035 se
595 2972 713 3037 bellum
736 2971 885 3036 silvestre
907 2986 1055 3058 gerentes

305 3191 381 3241 1222.
408 3192 522 3250 perculsi
546 3193 621 3237 0000.
643 3190 667 3238 5.
687 3196 715 3238 Α,
736 3193 764 3237 1..
787 3194 816 3240 n.
848 3217 879 3229 -·
903 3194 1024 3251 percurri
1043 3195 1073 3239 0.
1093 3194 1124 3240 Ε.
1147 3196 1209 3241 1000.
1229 3203 1290 3244 vett·
1310 3202 1349 3243 Ar.

235 3260 311 3307 1220.
331 3263 424 3315 „Plura
437 3264 545 3317 exempla
556 3293 563 3316 ‚
584 3263 623 3307 ubl
642 3265 759 3321 gerundia
775 3264 798 3309 iu
817 3262 844 3307 00
861 3264 993 3323 genitivum
1012 3266 1076 3321 plur.
1096 3277 1140 3321 pro
1159 3270 1297 3311 0000001000
1314 3272 1350 3311 ad-

233 3332 330 3376 mittunt
341 3333 441 3376 00110010
455 3332 535 3376 ridens
547 3346 561 3374 u
573 3331 686 3377 Reddim.
701 3332 764 3377 luat.
774 3332 822 3378 Gr.
838 3332 863 3378 2.
876 3347 901 3390 p.
910 3330 987 3380 215.”
1004 3333 1081 3379 Foris.
1118 3334 1156 3380 lb.
1168 3334 1300 3396 addetum]
1318 3340 1351 3382 000
1372 3306 1373 3389 i

232 3400 409 3444 uene-n,
430 3400 577 3454 Sirnpllerter
593 3403 702 3456 explieat
724 3405 838 3457 „laudern
858 3404 1006 3452 0000000031
1030 3427 1062 3438 -
1082 3402 1117 3449 ud
1134 3409 1219 3448 aetum
1232 3407 1304 3452 Brit.
1329 3429 1350 3440 -

232 3468 366 3514 aduectum
382 3468 443 3515 000,
462 3471 520 3526 aliq
547 3487 579 3503 -·
605 3468 755 3516 adauctum
777 3471 823 3517 00.
838 3469 876 3520 Ω.
892 3474 952 3517 Ver.
971 3474 1031 3528 W.,
1057 3474 1097 3532 qni
1121 3474 1243 3530 explicare
1266 3481 1348 3521 tentat:

233 3540 282 3593 „ud
309 3540 402 3592 plenum
421 3540 583 3583 maturitatem
600 3551 669 3584 suam
686 3541 860 3596 perductum'’:
890 3547 1053 3587 verumtamen
1077 3543 1200 3587 Latinitnti
1222 3553 1350 3605 repugnat,
1372 3564 1373 3567 ¹

234 3613 272 3653 nt:
292 3604 337 3652 hee
356 3608 394 3655 001
410 3605 476 3653 tund
492 3613 531 3653 000
547 3604 583 3652 ed
598 3614 699 3655 anetum
723 3616 764 3655 aut
788 3612 886 3655 eruntne
910 3612 956 3656 diei
981 3618 1052 3670 queat
1068 3617 1110 3657 aut
1126 3613 1197 3656 illurn
1216 3614 1241 3658 iu
1260 3619 1350 3659 0000000

233 3676 360 3733 explicari.
397 3676 429 3722 Ut
445 3677 509 3723 eninr
526 3677 612 3735 aliquis
631 3679 663 3723 its
682 3680 775 3725 tneutns
794 3685 859 3726 esset
876 3678 951 3739 (quod
969 3682 1066 3726 minime
1084 3682 1179 3736 eredo),
1199 3683 1248 3728 boe
1266 3684 1351 3743 signib-

233 3752 330 3793 eatnrun
342 3745 445 3795 inisset:
464 3747 529 3801 „boe
546 3747 619 3803 10000,
639 3749 704 3794 iurat
722 3752 751 3794 00
769 3755 880 3804 anetum,
900 3750 1060 3809 0050000ιο.η
1097 3748 1175 3796 1225.
1195 3764 1299 3798 summu
1310 3754 1351 3798 00.

232 3829 300 3863 mene
311 3815 340 3863 0.
351 3816 441 3865 dtuli.
453 3816 527 3866 Forb.
542 3816 610 3873 010,
626 3816 668 3863 71.
688 3833 787 3863 auinaue
799 3815 873 3863 dudm
885 3819 933 3867 000.
960 3820 1009 3865 Vin
1027 3820 1091 3867 enirn
1110 3820 1174 3879 iungi
1195 3822 1228 3866 010
1250 3830 1350 3879 peterat:

232 3899 310 3944 super
328 3898 438 3946 aequora
455 3898 564 3931 seturna.
593 3887 694 3932 Summe
712 3888 744 3933 Ε.
763 3891 824 3934 Ver.
842 3890 905 3933 Vsu.
925 3890 985 3945 W.,
1006 3895 1031 3935 nt
1046 3894 1216 3936 construatur:
1237 3893 1278 3937 000
1295 3898 1351 3937 reati

233 3969 330 4001 autumo
348 3954 523 4013 (summepere)
542 3956 654 4001 00000000.
684 3957 716 4002 At
734 3955 980 4014 001000000000000,
996 3957 1055 4004 255.
1075 3973 1170 4004 summe
1188 3961 1286 4016 celeri,
1305 3976 1352 4017 per·

233 4026 322 4081 spieias
342 4039 440 4072 0000000
458 4030 495 4071 est
513 4027 552 4069 vix
566 4025 643 4070 tribus
655 4027 736 4072 verbis
749 4041 772 4072 v.
790 4041 886 4072 summe
899 4042 913 4072 0
925 4040 970 4072 000
983 4028 1101 4074 adieetivn
1114 4032 1224 4083 separari
1240 4032 1350 4086 potuisse.

235 4091 311 4140 1236.
337 4094 456 4141 00000000
478 4096 559 4143 100011.
616 4091 692 4139 1203.
723 4110 769 4141 eeu
784 4096 883 4142 10001001.
903 4098 987 4153 0010ος
1009 4100 1052 4143 sed
1070 4098 1116 4144 eir.
1138 4110 1162 4143 0,
1186 4096 1267 4145 1091.
1290 4114 1350 4157 seqq.

236 4162 311 4212 teta.
331 4166 407 4227 ignea
419 4164 448 4209 0.
487 4162 564 4210 1257.
584 4163 620 4209 lta
632 4164 661 4211 0.
672 4164 702 4209 ll.
717 4165 778 4210 edd.
790 4166 905 4211 001000.
918 4167 949 4214 Α.
963 4168 1000 4222 ,0.
1015 4182 1038 4212 0.
1052 4180 1124 4222 super
1138 4170 1245 4214 terras‚”
1253 4171 1294 4215 W.
1315 4170 1353 4214 Est

234 4234 328 4289 potius:
348 4236 464 4281 00000000
479 4238 571 4287 terras,
593 4236 665 4281 terris
677 4234 742 4281 iuxta
754 4236 851 4281 metulla
864 4235 961 4291 positis.
981 4236 1097 4282 interris
1111 4236 1140 4283 b.
1155 4237 1185 4282 11.
1225 4236 1305 4286 1201.
1313 4236 1352 4299 su·
1371 4232 1372 4281 l
