2762 4760
34 367 237 434 Glandiieras
258 368 344 433 inter
363 371 522 432 curabant
541 389 683 451 corpora
703 392 845 456 quercus

31 472 245 557 Plerumque3
268 483 318 547 et,
341 493 424 555 quae
445 492 530 535 nune
551 469 687 537 hiberno
706 481 852 557 temp'ore
876 473 981 539 cernis

31 576 155 637 Arbuta
176 572 317 656 puniceo
335 572 407 637 fieri
429 583 553 636 matura
574 573 704 653 colore,

31 675 173 738 Plurima
192 685 259 737 tum
281 675 393 750 tellus,
415 674 510 738 etiam
531 673 670 752 maiora,
692 677 836 742 ferebat:

32 777 203 862 Multaque
223 789 390 860 praeterea
411 776 542 840 novitas
563 787 629 840 tum
650 778 768 842 florida
786 779 894 844 mundi

32 879 154 941 Pabula
177 878 248 941 dira
265 877 339 941 tulit
361 878 485 942 miseris
507 877 697 943 mortalibus
716 881 833 962 ampla.

89 982 136 1045 At
157 983 271 1043 sedare
293 978 378 1043 sitim
396 979 507 1049 fluviei
526 981 696 1066 sontesque
719 984 900 1058 vocabant3

31 1083 74 1145 Ut
92 1103 177 1144 nunc
200 1082 364 1145 montibus
385 1103 403 1144 e
425 1082 548 1165 maguis
571 1085 723 1147 decursus
746 1087 841 1168 aquai

32 1182 139 1248 Ciaru’
163 1182 240 1247 citat
262 1184 325 1246 late
347 1182 485 1247 sitientia
510 1186 595 1247 secia
614 1185 770 1250 ferarum.

31 1284 179 1371 Denique
200 1284 387 1370 noctivagei
408 1285 569 1352 siinestria
590 1289 709 1370 templa
729 1291 880 1353 tenebant

31 1389 273 1470 Nympharum,
297 1387 412 1473 quibus
434 1387 566 1451 exibant
583 1391 719 1454 humore
737 1391 855 1455 fluenta

31 1489 190 1566 Lubrica,
213 1489 364 1572 proluvie
385 1489 478 1573 larga
499 1490 608 1554 lavere
632 1491 762 1555 humida
784 1515 877 1570 saxa,

31 1589 169 1654 Humida
192 1614 269 1654 saxa
292 1613 388 1674 super
409 1590 507 1655 viridi
529 1591 681 1657 stillantia
702 1616 832 1671 musco,

31 1694 73 1755 Et
92 1693 213 1774 partim
235 1693 332 1775 piano
354 1705 478 1758 scatere
500 1705 595 1778 atque
619 1718 787 1779 erumpere
809 1718 937 1781 campo.

91 1798 239 1858 Necdum
259 1816 312 1858 res
332 1795 401 1880 igni
421 1795 545 1859 scibant
565 1807 706 1863 tractare
728 1821 830 1884 neque
848 1800 900 1863 ‘nti

32 1896 174 1960 Pellibus
198 1908 230 1959 et
250 1896 365 1978 spoliis
383 1919 503 1980 corpus
525 1898 644 1963 vestire
666 1901 828 1964 ferarum:

33 2000 93 2062 Sed
114 2021 249 2062 nemora
272 2011 366 2085 atque
389 2021 487 2065 cavos
510 2000 646 2065 monteis
667 2000 830 2088 silvasque
850 2003 1018 2080 colebant,

32 2099 74 2162 Et
92 2100 229 2164 frutices
242 2100 326 2164 inter
349 2103 531 2165 condebant
552 2102 697 2188 squalida
714 2107 873 2181 membra,

32 2203 179 2265 Verbera
204 2213 373 2266 ventorum
395 2203 715 2290 vitareimbreisque
738 2205 876 2271 coactei.
1086 2210 1148 2274 955

90 2307 162 2369 Nec
186 2327 354 2370 commune
374 2309 494 2370 bonum
515 2317 667 2388 poterant
688 2318 833 2389 spectare
856 2329 959 2394 neque
980 2309 1053 2376 ullis

30 2408 183 2474 Moribus
202 2408 287 2473 inter
307 2431 351 2501 se
363 2408 489 2472 scibant
507 2429 566 2471 ncc
586 2406 712 2491 iegibus
736 2408 797 2472 uti.

30 2560 136 2610 ceptnm3
158 2555 186 2611 (,,
194 2555 371 2600 exsuscitabunt
385 2569 459 2613 aquas
475 2560 499 2600 et
514 2555 677 2611 properabant
690 2553 851 2613 Nymphas.”)
879 2555 915 2600 lta
930 2562 954 2601 et
968 2555 996 2612 6,
1015 2554 1091 2603 1215.
1102 2558 1148 2603 Ar.

29 2627 57 2669 P.
77 2626 179 2669 exciret
194 2627 256 2669 mate
272 2638 316 2680 pro
332 2626 417 2670 exiret
434 2623 529 2683 (Bria.)
562 2626 609 2669 Sed
626 2624 733 2680 Epicuro
750 2626 785 2678 im,
804 2626 897 2670 iubente
916 2626 1004 2685 ubique
1021 2627 1149 2674 Lucretius

29 2701 98 2754 negat
114 2696 174 2740 tatia
195 2694 305 2739 Deorum
323 2708 397 2749 opera
414 2695 595 2748 adunabunt-i,
616 2696 688 2738 vetuti
708 2692 737 2748 4,
756 2693 815 2740 579.
836 2708 905 2754 quem
923 2697 1017 2751 locum,
1038 2711 1110 2756 quum
1120 2711 1150 2742 ex

29 2764 211 2819 pulchrioribus
229 2765 274 2825 sit,
292 2769 369 2808 totum
386 2764 432 2808 huc
450 2775 582 2819 apponam:
611 2762 665 2807 Sex
683 2763 760 2806 etium
778 2769 821 2808 uut
838 2770 931 2821 septem
949 2767 1006 2809 loen
1024 2765 1075 2811 nidi
1092 2765 1149 2812 red·

29 2833 87 2878 dere
106 2847 198 2888 noces,
232 2832 312 2877 Unum
330 2847 401 2892 quom
419 2833 536 2878 iaceres:
571 2833 609 2877 itu
632 2833 710 2877 colles
727 2833 833 2878 collibus
851 2833 935 2891 ipssi,
966 2832 1048 2880 Ver-bu
1065 2836 1149 2894 repul-

28 2909 114 2949 santes
132 2902 262 2948 iterabant
279 2902 348 2947 dictu
365 2899 469 2962 referri.
514 2900 584 2946 Haec
600 2902 658 2945 loeo
675 2901 823 2960 capripedes
842 2902 950 2963 Satyros
968 2901 1149 2964 Nymphasque

27 2980 109 3018 tenere
128 2972 267 3017 Finitumei
277 2970 385 3034 fingunt
402 2978 425 3016 et
441 2970 542 3016 Faunos
560 2984 616 3016 esse
633 2972 780 3030 loquuntur,
808 2970 918 3033 Quorum
936 2973 1068 3034 noctivago
1085 2978 1150 3019 stre·

24 3044 80 3101 pitu
96 3042 207 3102 ludoque
226 3043 321 3086 iocanti
337 3040 472 3104 Affirmant
488 3042 561 3101 uulgo
578 3040 706 3085 taciturna
724 3041 827 3086 silentiu
844 3042 929 3098 rumpi
946 3039 1150 3101 Char-durumque

27 3127 103 3158 sonus
114 3112 186 3174 fieri
202 3110 348 3169 dulcsisque
367 3111 499 3170 querelas,
531 3109 607 3154 Tibia
630 3123 693 3169 quus
709 3106 801 3167 fundit
824 3109 915 3169 digitis
933 3111 1040 3166 pulsatu
1057 3123 1149 3154 cunen-

28 3188 94 3227 tum:
113 3181 149 3226 Et
165 3193 250 3241 genus
267 3176 410 3240 agricolum
427 3181 478 3223 lats
496 3179 648 3233 sentiscere,
674 3191 747 3237 quom
764 3177 832 3233 Pan,
851 3177 930 3222 Pinea
947 3174 1064 3236 semiferi
1080 3179 1150 3236 cupi·

28 3252 60 3296 tis
78 3251 222 3296 vellamine
240 3263 383 3309 quassans,
412 3246 479 3295 Unco
496 3261 571 3306 saepe
589 3246 662 3291 labro
680 3249 792 3291 calamos
808 3247 939 3305 percurrit
954 3245 1082 3301 binnteis',
1107 3246 1149 3291 Fi-

27 3322 93 3365 stuls
110 3322 258 3366 siluestrem
282 3333 313 3362 ns
335 3323 419 3372 cesset
433 3314 546 3375 fundere
563 3328 672 3360 musam.
709 3311 797 3359 Cetera
814 3314 844 3360 de
861 3327 955 3375 genere
972 3313 1019 3360 boc
1035 3322 1150 3361 monstra

28 3404 56 3432 ue
70 3395 194 3448 portentu
211 3389 346 3447 loquuntur
351 3401 363 3441 ,·
380 3385 419 3432 Ne
436 3388 493 3431 loca
511 3386 613 3430 deserta
627 3384 660 3428 ab
676 3383 742 3429 diris
760 3398 853 3444 quoque
863 3381 935 3444 sorte
949 3391 1070 3443 putentur
1089 3385 1149 3431 Solu

27 3466 127 3514 tenere,
149 3458 207 3504 ideo
226 3459 322 3502 ius-tunt
338 3456 464 3502 miracula
480 3455 556 3500 dictis
562 3467 575 3508 ;
603 3452 653 3499 Aut
669 3454 756 3514 aliqua
774 3455 872 3499 ruts'ons
890 3455 944 3499 ulie
962 3454 1087 3501 ducuntur
1092 3468 1105 3510 ;
1124 3461 1150 3500 ut

26 3541 97 3574 omne
121 3526 271 3574 Hssmunum
296 3539 379 3585 genus
406 3530 445 3569 est
468 3524 569 3569 aeidum
593 3523 671 3568 nimis
695 3524 880 3569 auricularum.
918 3523 1032 3569 Ceterum
1055 3526 1149 3581 sxptics

27 3600 131 3656 „quibus
146 3598 245 3642 exibant
256 3596 343 3640 fluenta
355 3595 442 3650 partim
456 3595 549 3648 iuvere,
570 3593 607 3649 (ut
624 3591 742 3649 lavarent)
760 3593 855 3637 humida
874 3606 947 3646 saxa,
967 3594 1076 3648 ipsorum
1091 3595 1147 3640 scit.

27 3675 155 3713 antrorum
174 3668 254 3710 solnm
270 3663 379 3719 (Badera)
396 3650 506 3717 opertuiir
524 3676 622 3718 musco,
648 3663 709 3706 uude
729 3664 752 3706 in
771 3662 891 3706 subiectas
908 3666 979 3706 antro
996 3676 1069 3718 rupes
1087 3677 1149 3722 aqua

27 3740 132 3793 desuper
150 3735 272 3789 stillabat,
302 3734 389 3790 partim
415 3738 441 3777 ut
463 3747 524 3791 aqna
551 3747 594 3788 per
616 3733 692 3776 rimas
710 3732 807 3785 rupium
826 3731 939 3786 absorpta
957 3731 1011 3775 stein
1030 3733 1059 3777 de
1077 3735 1149 3788 piano

27 3821 112 3862 campo
131 3819 178 3860 per
196 3804 274 3848 fontes
294 3803 457 3859 erurnperct.’'
491 3802 609 3846 Amabant
633 3804 713 3845 autem
732 3801 821 3857 antiqui
841 3801 957 3845 eiusmodi
975 3802 1146 3856 repetitiones:

28 3877 151 3921 Homerus
165 3871 286 3926 ttiad.22‚
302 3871 361 3919 121.
385 3867 572 3940 ὀαριζέμεναι
589 3862 642 3917 cisa
660 3864 808 3938 παρθένος
825 3863 930 3934 inaug
946 3882 978 3918 τε
995 3867 1149 3939 Παρθένος

24 3939 130 4008 η”ιθεός
147 3944 173 3992 τ’
191 3936 344 4012 ὀαρίζετυν
362 3936 523 4005 ἀλλήλοιϊν.
556 3939 608 3983 Cic.
623 3940 652 3982 te
664 3938 744 3982 Diria.
760 3938 790 3994 1,
810 3939 832 3998 §.
851 3936 892 3984 14.
912 3937 1035 3983 acredula
1049 3939 1149 3984 nucibus

24 4016 119 4068 instat,
137 4011 246 4057 Vocibus
258 4013 336 4056 instat
348 4018 395 4058 cat.
420 4014 507 4056 Horat.
521 4009 598 4064 Epod.
615 4005 662 4061 16,
677 4005 719 4053 41.
739 4022 802 4054 urna
815 4009 888 4053 beatu
899 4007 1018 4055 Petamus
1029 4021 1092 4051 arec
1102 4012 1148 4057 cet.

27 4082 85 4131 955.
105 4082 246 4140 imbrisque
262 4087 299 4126 est
314 4084 432 4138 scriptura
448 4080 509 4124 cdd.
518 4110 526 4134 ‚
541 4080 612 4123 etiam
624 4079 653 4127 C.
667 4078 699 4123 Ε.
718 4079 778 4123 Hinc
794 4078 926 4123 dubitatum
942 4081 979 4120 est
994 4079 1072 4121 utrum
1084 4079 1149 4120 esset

24 4155 99 4211 geuit.
113 4153 222 4209 singul„
239 4166 269 4195 au
282 4165 364 4197 accus.
378 4153 442 4207 plur.
463 4150 513 4195 Hoc
528 4153 643 4204 praestat.
682 4144 742 4193 957.
761 4147 861 4192 scibant
870 4144 1145 4190 exhibentPius-Har.

25 4221 143 4273 sciebant
159 4221 235 4267 Codd.
249 4222 307 4279 utiq.
322 4221 352 4267 G.
365 4222 397 4266 E.
407 4223 488 4274 Vem,
506 4220 566 4269 uude
581 4218 650 4265 fluxit
660 4217 738 4263 inanis
751 4217 794 4261 W.
807 4215 871 4279 coni.
888 4210 1040 4257 scieruntab
1052 4210 1145 4253 Eichst.

22 4297 129 4338 retenta.
196 4320 204 4343 .
