2750 4744
31 362 78 424 At
102 381 169 424 nou
193 358 366 442 squamoso
386 354 537 419 labuntur
562 360 674 418 ventre
696 351 861 430 cerastae,

97 461 183 524 Itala
204 458 363 541 portentis
385 479 445 520 nec
464 458 535 518 fluit
559 460 640 519 unda
662 456 777 520 novis:

32 564 112 626 Nou
138 562 192 624 hic
213 561 440 624 Andromedae
463 570 616 621 resonant
637 577 699 639 pro
727 567 826 619 matre
853 566 999 630 catenae,

99 666 172 726 Nec
194 663 301 725 tremis
324 659 505 734 Ausonias,
528 661 663 722 Phoebe
685 659 815 741 fugate,
840 648 955 738 dapes:
1119 656 1160 718 30

5 760 7 763 ’
33 766 108 826 Nec
130 764 277 846 cuiquam
301 765 448 824 absentes
471 772 619 823 arserunt
640 759 670 822 in
694 770 792 839 caput
813 758 922 841 ignes,

99 865 247 928 Exitium
270 875 345 926 nato
373 874 472 924 matre
495 873 644 924 movente
669 880 729 923 suo
744 881 772 921 a·
799 886 803 895 ·

33 967 185 1030 Penthea
207 978 271 1029 non
294 984 409 1026 saevae
432 973 590 1025 venantur
614 962 645 1024 in
675 962 793 1024 arbore
820 961 987 1045 Bacchae3

99 1069 173 1130 Nec
194 1066 292 1129 solvit
318 1066 446 1128 Danaas
467 1063 591 1125 subdita
618 1082 715 1125 cerea
738 1062 847 1124 rates}
910 1057 913 1062 ’

35 1166 175 1231 Cornua
200 1187 258 1229 nec
281 1165 380 1229 valuit
403 1183 539 1226 curvare
561 1164 593 1226 iu
619 1163 732 1245 pellice
757 1163 841 1226 Iuno

99 1270 170 1331 Aut
191 1266 303 1329 [aciem
325 1265 411 1346 turpi
434 1268 630 1327 dedecorare
653 1267 758 1328 b'ove:

33 1371 271 1452 Arboreasque
295 1385 406 1429 cruces
430 1365 512 1428 Sinis
535 1377 566 1427 et
588 1386 652 1428 non
675 1366 801 1447 hospita
825 1365 933 1429 Graiis

100 1473 187 1532 Saxa
209 1480 241 1531 et
263 1481 410 1531 crrrvatas
431 1467 464 1529 in
486 1487 542 1528 stra
563 1467 630 1528 fata
652 1468 773 1528 trabes.

33 1574 131 1635 Haec
153 1570 230 1645 tibi,
256 1571 370 1644 Tulle,
393 1589 527 1649 parens,
552 1569 636 1628 haec·
653 1578 701 1628 cst
723 1566 938 1647 pulcherrima
962 1570 1074 1645 sedes,

101 1673 169 1736 Hic
191 1669 249 1733 tibi
271 1692 334 1752 pro
358 1671 454 1753 digua
476 1680 571 1751 geute
593 1669 748 1748 petendus
770 1669 897 1743 honos,
1119 1670 1159 1730 40

34 1773 104 1835 Hic
127 1773 185 1834 tibi
207 1774 247 1834 ad
269 1770 432 1852 eloquium
455 1768 561 1842 cives,
585 1768 638 1830 hic
661 1770 764 1849 ampla
787 1779 938 1850 nepotum

102 1874 185 1954 Spes
207 1883 239 1934 et
262 1883 414 1934 venturae
437 1868 585 1953 coniugis
608 1881 700 1952 aptus
724 1890 826 1932 amor.

310 2055 388 2114 nu..
414 2012 580 2131 1v}(v.)
618 2051 802 2116 *anunm
824 2054 889 2116 m.

34 2173 178 2248 Desine,
203 2172 335 2246 Paulle,
359 2192 462 2233 meum
485 2170 622 2234 lacrimis
644 2192 763 2255 urgere
784 2173 988 2254 sepulcrum;

103 2273 269 2361 Panditur*
288 2274 326 2334 ad
348 2272 450 2334 nullas
471 2271 565 2333 iantra
588 2271 681 2354 nigra
704 2293 831 2352 preces.

35 2378 149 2456 Quom
172 2374 270 2435 semel
290 2373 432 2434 infernas
455 2371 611 2434 intrarunt
632 2373 746 2441 itinera
768 2373 878 2457 leges,
957 2376 958 2380 ’

102 2477 181 2538 Νοιι
204 2484 339 2537 exorato
362 2483 445 2535 stant
468 2475 631 2536 adamante
654 2466 737 2537 uiae.

5 2678 7 2681 ·
34 2655 102 2704 ta:
142 2654 217 2699 Leria
249 2660 367 2711 crepante
406 2652 512 2712 lympha
544 2653 631 2701 desilit
652 2655 726 2711 pede.
754 2657 869 2711 Propert.
900 2654 929 2710 3,
956 2655 1019 2703 28.;
1064 2657 1098 2704 Et
1127 2660 1163 2703 Ie·

31 2727 100 2771 niter·
118 2721 234 2782 lymphis
258 2729 307 2767 totu
333 2722 515 2779 crepitantibus
542 2723 622 2776 urbe,·
651 2722 681 2778 4,
712 2722 762 2778 14,
789 2722 832 2770 4.;
866 2722 898 2768 Et
925 2725 994 2769 cudit
1019 2727 1046 2770 in
1060 2729 1164 2783 patulos

31 2790 146 2852 lympha
165 2791 263 2835 Αιιὶειια
280 2792 362 2835 lucus.
423 2791 537 2835 Ceterum
554 2792 696 2850 intelligitur
711 2793 766 2836 fons
789 2792 910 2836 Iuturnae
931 2794 998 2838 iuxta
1016 2794 1162 2850 Numicium,
1182 2780 1188 2830 l

32 2864 99 2917 apud
119 2874 192 2917 quem
210 2865 271 2903 teste
291 2862 346 2904 Val.
367 2861 433 2903 Max.
455 2858 487 2913 1,
521 2858 545 2903 8.
578 2875 647 2907 suum
666 2875 828 2918 equorumque
847 2861 950 2915 (Cyllari
972 2862 1071 2917 Pollux)
1091 2865 1164 2907 sudo·
1206 2878 1208 2885 ¹

31 2946 89 2976 rem
115 2929 246 2972 abluerunt
266 2927 380 2973 Castores
403 2933 459 2982 post
484 2929 611 2971 victoriam
632 2929 661 2972 ab
680 2931 711 2973 A.
730 2930 856 2973 Postumio
882 2931 999 2975 dictatore
1028 2933 1057 2975 ad
1085 2934 1164 2976 lacum

31 2999 162 3058 Regillum
176 3001 322 3051 reportatam
341 3011 365 3039 u.
385 3010 407 3040 c.
429 2993 488 3040 258.
553 2994 595 3042 30.
616 2995 658 3042 31.
679 2996 893 3056 SiguifieutAtrei
920 2999 1003 3052 epulas
1029 3005 1053 3043 et
1069 2999 1184 3057 Melea·¹

30 3069 79 3127 gri
99 3068 212 3110 titionem
231 3066 261 3108 ab
274 3066 373 3109 Althaea
387 3065 545 3108 combustum.
584 3062 626 3112 37.
638 3065 793 3110 Arboreusce
807 3065 905 3108 Lachrn.
923 3067 987 3110 coni.
1003 3067 1065 3111 haud
1080 3058 1188 3112 neces-dv

31 3137 119 3192 saria;
139 3147 165 3176 v.
179 3134 283 3177 Huschk.
302 3135 331 3177 ad
344 3132 400 3176 Tib.
425 3131 449 3186 2,
470 3131 495 3187 4,
517 3131 558 3178 17.
579 3157 612 3166 -
631 3133 753 3192 Significat
770 3133 845 3177 Sinin
863 3133 965 3186 piuubus
985 3136 1090 3183 adductis
1114 3136 1165 3180 via·

31 3211 104 3249 tores
125 3201 271 3259 adligantem
289 3202 420 3258 iisdemque
439 3202 548 3245 remissis
565 3203 711 3247 lacerantem
730 3207 754 3246 et
768 3200 899 3245 Scironem
916 3203 1035 3247 latronem
1056 3203 1164 3257 hospites

30 3287 46 3315 a
68 3270 182 3325 scopulis
203 3270 330 3323 (Scirouiis
345 3272 369 3313 in
385 3269 474 3324 Attica)
493 3270 853 3324 praecipitantem„utrumqtte
873 3283 887 3311 a
912 3269 1008 3314 Theseo
1035 3272 1163 3316 devictum.

28 3355 53 3383 v.
75 3337 207 3384 Plutarch.
228 3338 300 3390 Tlres.
321 3336 361 3381 10.
394 3335 436 3382 41.
457 3336 503 3394 (ad
521 3339 645 3396 eloquium
663 3352 755 3393 cursus
775 3337 870 3395 quidam
883 3350 922 3392 ap.
936 3339 1060 3384 Passerat.
1077 3359 1110 3374 -
1131 3338 1166 3386 ud

29 3423 53 3452 e.
74 3408 123 3450 viu
134 3402 195 3463 sert
213 3405 296 3449 Heius.
317 3404 351 3449 ad
368 3419 390 3449 e.
410 3407 478 3449 cirea
498 3405 596 3460 Burm.)
615 3403 686 3450 otras
708 3408 779 3450 scil.''
797 3406 847 3462 qui‘
862 3410 927 3449 tuam
946 3408 1106 3465 eloquentiam
1122 3410 1164 3452 ad-

29 3477 158 3520 mirentur
177 3484 284 3530 quosque
303 3479 344 3516 tua
361 3474 472 3518 facundia
490 3475 572 3518 iuvare
590 3475 790 3528 possis.”1tuin.

403 3599 458 3642 Lm.
479 3600 522 3642 lv.
543 3596 599 3654 (V.)
629 3598 727 3644 ELEG.
747 3599 794 3644 Xl.

107 3684 135 3731 1.
156 3684 272 3728 Maritum
290 3685 418 3742 alloquitur
440 3685 554 3730 Cornelia
575 3690 629 3728 nata
646 3698 677 3728 ex
695 3686 724 3729 P.
746 3685 862 3731 Cornelio
884 3687 997 3742 Scipione
1025 3688 1113 3732 Nasica
1142 3695 1166 3733 et

27 3753 184 3806 Scribonia,
214 3755 317 3797 secunda
337 3755 444 3811 coniuge
465 3753 566 3811 Augusti
591 3759 715 3809 matreque
741 3755 831 3809 Iulias,
860 3757 947 3800 coniux
972 3754 1051 3801 Paulli
1067 3756 1165 3801 Aemilii

26 3822 141 3879 Lepidi,
161 3818 217 3877 (filii
235 3820 265 3865 L.
284 3821 381 3867 Aemilii
402 3822 495 3875 Paulli,
516 3821 622 3865 consulis
645 3822 701 3865 anui
728 3819 795 3877 704,
824 3824 907 3869 fratris
926 3838 985 3869 vero
1010 3827 1047 3871 M.
1067 3826 1167 3870 Aemilii

25 3891 121 3947 Lepidi
149 3888 309 3942 triumviri.)*
335 3891 371 3934 De
389 3890 475 3935 Paullo
493 3891 596 3935 Aemilio
621 3890 713 3944 Lepido
731 3905 756 3935 v.
772 3892 847 3936 Dion.
874 3889 923 3947 47,
952 3891 976 3937 6.
997 3891 1039 3949 55,
1060 3892 1165 3938 ΞΛΜ-

27 3961 74 4003 lei.
99 3957 132 4009 2,
155 3955 198 4002 95.
218 3957 284 4000 Suet.
304 3957 367 4015 Aug.
389 3956 431 4002 16.
449 3957 534 4002 Claud.
557 3956 598 4002 16.
618 3959 741 4002 Perizouii
760 3959 887 4006 Animadv.
902 3962 958 4005 hist.
973 3976 999 4016 p.
1014 3960 1073 4005 121.
1095 3974 1164 4018 seqq.

25 4028 92 4072 Fuit
112 4023 208 4069 Consul
223 4025 337 4069 suffectus
358 4041 381 4070 a.
407 4023 467 4071 720.
497 4027 594 4075 ultimus
622 4039 750 4076 censorum
776 4042 830 4072 cum
852 4031 882 4073 L.
901 4030 1011 4074 Munatio
1029 4030 1121 4072 Planco
1140 4042 1163 4072 a.

28 4093 97 4140 732.
149 4092 265 4137 Cornelia
283 4100 363 4139 autem
378 4101 474 4141 mortua
487 4100 523 4141 est
540 4109 564 4138 a.
586 4092 646 4139 738.
666 4095 775 4151 ineunte,
797 4111 844 4154 quo
860 4099 912 4142 eius
930 4098 1007 4140 frater
1025 4098 1055 4140 P.
1071 4096 1165 4139 Corne-

26 4165 80 4208 lius
103 4161 187 4215 Scipio
203 4162 286 4205 consul
305 4163 360 4208 fuit.
383 4184 412 4195 —
432 4165 531 4218 „Saepe
547 4163 606 4206 mihi
624 4177 682 4217 prae
704 4165 815 4208 omnihus
833 4165 934 4222 reliquis
950 4163 1042 4208 Latinis
1061 4158 1165 4216 po'o'ma-

25 4234 60 4277 tis
89 4235 208 4286 quattuor
226 4231 352 4278 ediscenda
374 4233 480 4277 carmina
504 4233 678 4277 commendavit
700 4233 893 4286 Valckenarius,
922 4233 946 4274 in
972 4230 1061 4286 quibus,
1086 4230 1163 4282 ipsius
