2750 4744
57 321 148 402 Quod
168 317 311 403 quamvis
332 338 427 382 nemo
449 327 514 394 est,
539 315 628 380 cuius
651 316 811 383 reseratur
833 318 872 380 ad
894 337 1004 394 autres,

61 498 65 508 ι
112 422 166 486 Sic
185 434 289 486 tamen
312 422 446 484 absumo
469 417 660 502 decipioque
682 418 775 483 diem.

55 526 158 610 Ergo,
183 526 270 607 quand
291 523 369 588 vivo
393 519 542 606 durisque
565 520 728 584 laboribus
753 523 848 584 obsto
1106 521 1166 585 115

112 628 182 689 Nec
203 646 252 687 me
274 623 429 688 sollicitae
451 622 554 686 taedia
575 622 661 712 lucis
677 623 815 697 habent,
897 686 901 693 ,

55 726 179 804 Gratia,
202 727 317 802 Musa,
340 724 418 788 tibi:
443 745 514 787 narn
537 736 572 787 tu
593 724 708 787 solatia
729 727 883 806 praebes,

112 831 164 891 Tu
185 849 281 891 curae
302 827 448 911 requies,
471 837 507 889 tu
529 826 683 890 medicina
705 826 813 889 venis:

55 931 102 992 Tu
122 932 205 1006 dux,
230 941 265 992 tu
287 949 395 993 comes
418 950 472 991 es:
496 940 531 992 tu
552 950 613 993 nos
637 929 766 992 abducis
789 929 828 990 ab
851 929 939 993 Istro

110 1036 148 1097 In
171 1032 339 1115 medioque
362 1030 436 1093 mihi
458 1033 513 1093 das
535 1030 694 1094 Helicone
716 1030 837 1095 locum.
1108 1032 1169 1094 120

54 1136 103 1197 Tu
123 1134 197 1197 mihi
220 1135 321 1216 (quod
342 1153 448 1195 rarum
459 1134 485 1211 ‚)
509 1131 585 1203 vivo
608 1132 740 1195 sublime
764 1132 877 1196 dedisti

110 1238 253 1309 Nomen,
279 1236 319 1297 ab
342 1233 501 1316 exsequiis
524 1236 613 1318 quod
634 1237 709 1298 dare
731 1235 830 1298 Fama
852 1234 948 1298 solet.

53 1338 137 1413 Nee,
163 1337 218 1422 qni
240 1339 396 1400 detrectat
417 1336 616 1416 praesentia,
640 1336 747 1400 Livor
768 1336 879 1421 iniquo

110 1440 219 1504 Ullum
241 1441 280 1501 de
302 1437 421 1502 nostris
444 1440 538 1501 dente
560 1438 732 1502 momordit
755 1446 851 1520 opus.'

52 1542 128 1605 Nam
152 1530 284 1604 tulerint
305 1559 437 1622 magnos
460 1561 558 1622 quom
580 1540 686 1603 serrula
708 1551 817 1604 nostra
839 1543 974 1624 poe'tas,
1106 1542 1167 1604 125

110 1642 190 1708 Non
209 1643 271 1707 suit
291 1640 420 1727 ingenio
442 1643 541 1706 Fama
564 1642 700 1726 maligna
722 1664 807 1706 meo.

53 1730 221 1829 Quomque
243 1766 307 1830 ego
329 1766 524 1827 praeponam
546 1745 662 1808 multos
683 1745 776 1822 mihi,
802 1767 866 1810 non
889 1745 994 1810 minor
1014 1746 1077 1810 illis

110 1848 215 1912 Dicor
237 1846 322 1909 etin
343 1857 416 1909 toto
438 1845 595 1928 plurimus
618 1848 699 1909 orbe
721 1848 829 1930 legor.

53 1949 86 2012 Si
106 1950 183 2034 quid
203 1951 321 2014 habent
342 1948 442 2033 igitur
464 1959 570 2012 vatum
592 1949 761 2033 praesagia
783 1950 873 2026 veri,

110 2050 265 2116 Protinus
278 2074 296 2127 ,'
311 2061 346 2113 ut
367 2049 504 2127 moriar,
529 2069 594 2112 non
618 2060 700 2123 ero,'
720 2061 824 2129 terra,
849 2062 934 2114 tuus.
1109 2051 1170 2114 130

52 2152 124 2218 Sive
146 2137 263 2231 favore
285 2141 345 2215 tuli
364 2153 432 2216 sive
454 2153 536 2214 hanc
557 2171 621 2234 ego
643 2151 783 2215 carmine
805 2152 940 2230 samam,

111 2240 188 2319 liare
209 2254 282 2318 tibi*
290 2264 418 2338 grates,
442 2253 574 2317 candide
596 2255 720 2328 lector,
745 2275 821 2340 ago.

120 2434 180 2481 118.
208 2436 278 2482 senis
306 2428 360 2480 cuin
385 2435 432 2482 Ed.
456 2436 530 2481 Eton.
558 2437 713 2483 restituimus.
731 2449 761 2481 cx
779 2434 856 2483 coda.
874 2437 925 2482 fare
945 2437 1071 2494 omnibns3
1102 2440 1169 2483 cotue

50 2504 252 2563 qnnmcorrnptc
270 2507 392 2565 legeretur
409 2507 434 2550 in
449 2505 512 2550 Codss
531 2507 593 2561 apud
611 2499 728 2559 eundem,
757 2512 932 2553 correxerunt:
961 2508 1037 2565 molis
1059 2506 1119 2563 Cod.
1144 2505 1169 2552 1.

50 2575 112 2620 moli
129 2576 155 2619 in
175 2575 284 2634 nnarfiins
302 2575 417 2630 alterins,
437 2576 500 2632 quod
518 2576 612 2630 recepit
630 2576 713 2623 Heius.
733 2576 816 2621 Burin.
882 2574 940 2621 119.
970 2578 1032 2622 Tres
1051 2589 1089 2620 mc
1113 2575 1171 2627 eub-

50 2642 137 2700 dueic,
158 2645 256 2690 totidem
275 2642 449 2699 raedarium,
469 2642 639 2705 (mc'ceducic
658 2645 762 2709 Heius.)g
