2736 4748
211 802 266 879 ru
291 776 489 879 ronnas
515 802 580 876 nr
606 799 976 879 rurnosornos.

500 984 701 999 m

573 1097 606 1158 1.

35 1215 168 1278 Robora
192 1235 275 1289 uon,
301 1215 470 1297 Orpbeus,
493 1216 630 1296 posthac
652 1235 770 1279 annosa
793 1214 956 1291 movebis,

93 1318 171 1377 Non
194 1315 315 1399 rigidas
337 1327 464 1392 cautes,
489 1338 553 1379 non
576 1315 642 1379 sinc
664 1316 737 1399 lego
758 1316 855 1380 seras.

36 1419 100 1478 Nec
122 1438 250 1479 cessare
272 1416 361 1479 dabis
384 1428 500 1480 ventos
522 1429 554 1479 et
576 1417 737 1501 grandinis
760 1416 915 1494 imbrem,

93 1519 314 1600 Deusatasquc
337 1518 426 1582 nives
448 1519 716 1601 horrisonumque
739 1538 844 1581 mare:

35 1621 155 1698 Raptus
178 1631 281 1682 morte
302 1617 405 1683 iaces:
430 1620 597 1682 Musarum
619 1632 651 1683 tc
674 1622 792 1683 chorus
815 1620 916 1684 omnis

93 1719 201 1782 Ficvit
223 1731 254 1783 ct
277 1733 348 1783 aute
371 1720 447 1783 alias
470 1721 637 1802 Calliopea
661 1742 790 1802 parens.

35 1822 151 1883 Nostra
176 1821 270 1903 quid,
294 1843 315 1882 o
338 1822 501 1896 homines,
525 1823 667 1905 lugemus
689 1822 846 1905 pignora,
870 1827 997 1908 quando

94 1925 170 1984 Non
191 1933 328 2004 possunt
348 1933 484 1986 mortem
506 1922 549 1986 Di
571 1923 744 2005 probibere
763 1923 852 1987 suis?

571 2088 604 2151 2.

34 2209 200 2271 Threicius
220 2210 309 2273 celso
333 2229 395 2293 qua
415 2207 550 2272 cuimine
572 2207 676 2291 surgit
700 2208 858 2289 Olympus
869 2240 880 2285 ‚·

91 2313 209 2372 Natum
235 2310 398 2392 Calliopes
422 2311 552 2392 Orphea
575 2310 684 2374 condit
705 2312 837 2373 humus:

32 2409 91 2472 Cui
114 2434 235 2474 vacuae
257 2434 351 2475 sensu
372 2433 493 2493 rupes,
515 2410 565 2474 cni
586 2411 693 2492 paruit
714 2412 831 2488 arbor,

89 2513 235 2577 Auribus
257 2513 390 2575 arrectis
413 2535 505 2594 quiem
529 2524 678 2593 stupuere
699 2513 805 2576 ierac:

33 2615 168 2692 Mystica
192 2613 342 2677 nocturni
362 2613 484 2694 reperit
506 2612 560 2694 qui
582 2634 672 2675 sacra
695 2614 818 2692 Lyaei,

91 2716 207 2777 Vinxit
229 2717 384 2777 etheron
408 2714 544 2775 carmina
570 2713 668 2794 prima
693 2717 798 2794 pede:

32 2817 88 2892 Qui
111 2816 220 2896 potuit
241 2817 300 2878 sibi
322 2814 408 2879 Ditis
429 2814 628 2878 inexorabile
652 2838 765 2899 numen

88 2917 296 3000 lrumitesque
319 2915 442 2978 animos
464 2916 635 2980 conciliare
658 2916 740 2994 lyra.

567 3045 688 3145 3.,

30 3202 191 3266 Bistoniae
212 3202 333 3265 flevere
356 3224 472 3275 nurus,
498 3222 595 3283 quoin
619 3213 764 3263 mortuus
786 3204 959 3283 Orpbeus,

87 3308 241 3386 Orpbeus
264 3306 396 3388 Oeagro
419 3303 630 3383 Calliopcque
652 3314 758 3378 satus3

29 3406 148 3467 Puncta
173 3417 373 3468 cruentantes
395 3406 457 3467 sibi
479 3403 627 3479 brachia,
651 3405 785 3484 pulvere
808 3405 903 3489 nigro

89 3511 115 3571 F
119 3511 272 3572 ocdantes
295 3510 450 3570 Thressas
472 3527 531 3590 per
553 3518 650 3590 caput
673 3529 765 3572 omne
787 3528 910 3572 coritas·

92 3698 119 3759 2]
139 3699 270 3743 Conicbius
289 3700 337 3744 sic:

162 3769 258 3821 Orphea
278 3769 384 3814 Threicii
404 3782 533 3814 nemoroso
552 3769 575 3813 in
595 3771 682 3813 vertice
701 3768 811 3822 (strunt,

198 3837 296 3880 Prolem
315 3840 452 3893 Cattiopcs,
473 3840 580 3896 contegit
596 3838 634 3882 hic
653 3838 775 3890 turnuius3

162 3905 274 3959 Orphea,
294 3908 331 3950 cui
350 3910 422 3951 diuae
443 3921 563 3964 quercus,
584 3908 621 3950 cui
640 3920 713 3958 sara,
733 3906 839 3952 ferarum

198 3975 242 4017 Cui
262 3976 355 4019 brutum
375 3978 447 4022 toties
466 3979 546 4031 paruit
565 3990 634 4020 orune
653 3986 744 4034 genus:

162 4043 277 4098 Orphea,
298 4046 336 4101 qui
356 4046 452 4098 thyasns
471 4047 562 4090 irrveuit
580 4047 670 4100 prunus·
690 4046 773 4090 iaccho

154 4110 157 4115 ’
197 4113 290 4156 Ducere
309 4119 332 4156 et
351 4115 425 4158 berno
444 4120 539 4159 nectere
557 4118 629 4158 verna
649 4116 725 4169 pede;

162 4180 274 4247 Ornbea,
295 4183 405 4227 Piutonis
423 4190 526 4228 tncnteru
544 4190 613 4240 utque
632 4184 742 4229 iuunanin
760 4187 825 4229 solos

199 4250 245 4306 Qu
263 4252 341 4307 potuit
358 4253 422 4301 dulci
438 4252 537 4297 flectcre
555 4254 628 4296 corda
646 4254 722 4313 trra„

1131 1623 1149 1684 5
