2762 4762
393 427 515 504 Quom
523 414 623 482 ferox
644 421 755 492 raptor
778 400 947 486 spoliasset
969 396 1124 468 Aetnam,

394 527 550 608 Iamque
549 521 588 579 de
614 517 708 596 nigro
730 505 878 588 revoluta
902 520 1000 566 cttrru

399 623 515 691 Tristis
537 618 680 683 infernas
704 606 834 676 Cereris
852 600 980 666 subiret

483 720 566 786 Filia
588 720 697 791 sedes,

399 864 485 928 Ante
507 855 684 922 consistens
705 851 908 928 Hymenaeus
931 799 1052 904 Orcum

395 965 471 1029 Hac
492 961 560 1039 lyra
583 965 732 1018 maestam
755 947 894 1012 voluisse
924 958 1074 1022 sponsam
1174 982 1177 989 .

403 1065 523 1130 Fertur
541 1070 577 1143 et
598 1057 714 1120 Manes
736 1049 894 1120 hilararc;
917 1044 975 1107 sed
997 1040 1083 1103 Pro·

488 1159 614 1245 ses-pina
635 1154 743 1219 {levita

403 1298 583 1381 ,Ntmtiam
608 1296 706 1367 eheu,
729 1287 905 1352 miserante
925 1273 1096 1352 nostras:l

401 1406 509 1484 Rapta
531 1391 741 1468 clamabam„
752 1407 903 1455 resonare
926 1379 1031 1446 malim

401 1504 507 1568 Antra
529 1496 669 1563 Volcani
692 1493 883 1574 Siculaeque
903 1484 1030 1566 rupis

486 1603 618 1669 Nubere
639 1593 783 1662 labro!'’

699 1748 890 1767 μ

401 1861 485 1926 vu.
518 1858 582 1923 an
606 1847 889 1920 cancamum
912 1818 1194 1908 summanum
1246 1928 1248 1931 ι

470 1982 628 2045 Alsntam
650 1976 788 2038 exulem
808 1968 968 2052 Epistola
989 1959 1118 2045 lyric.a

238 2084 399 2151 Amicum
427 2081 561 2146 turbine
590 2075 791 2145 Viamariae
812 2065 1026 2151 tempestatis
1047 2061 1191 2123 eiectam
1214 2049 1358 2115 Brisaco

325 2188 478 2259 solatur,
511 2193 544 2244 et
572 2180 608 2243 in
637 2175 794 2242 Helvetia
814 2165 978 2237 Soloduri
1006 2181 1108 2226 suam
1128 2153 1359 2245 calamitatem

326 2285 522 2371 deploranti
543 2280 737 2376 respondet.

275 2508 278 2519 Ι
368 2423 405 2489 si
426 2434 568 2488 nostram
592 2431 686 2502 potes
708 2413 830 2479 eminus

433 2522 596 2588 Exaudire
618 2519 750 2596 chelyn,
775 2516 972 2585 Summara,
988 2498 1120 2584 Martiis

259 2640 261 2646 '
367 2625 476 2690 Aures
496 2621 609 2686 Idibus
631 2617 750 2700 arrige.

433 2722 557 2788 Sollers
580 2717 726 2784 Threicii
748 2711 886 2778 carmine
905 2705 1024 2774 barbiti

372 2827 480 2892 Retro
504 2833 632 2888 vertere
653 2817 784 2885 flumina

431 2926 546 2992 Ausim
568 2933 599 2986 et
620 2919 758 2985 Danubii
781 2937 845 2981 non
867 2931 969 2978 novus
993 2906 1102 2972 accola

372 3031 489 3094 Rheno
512 3043 659 3106 mergere
682 3021 811 3109 tibiam,

435 3132 645 3208 summasque
665 3122 698 3185 in
722 3098 864 3202 scopulis
884 3110 1056 3180 Helvetiae
1078 3126 1165 3171 casas
1190 3089 1203 3097 ⁸

371 3230 500 3312 Campo
530 3239 659 3292 nectere
686 3222 804 3287 Boion.

437 3331 507 3395 Cur
529 3325 707 3394 desideriis
720 3345 768 3387 me
790 3320 930 3384 stimulas
951 3315 1013 3379 tuis

371 3431 594 3520 Importuuior
616 3424 759 3492 Africo?

437 3536 572 3599 Frustra
594 3527 752 3595 Viamarii
773 3525 857 3597 iussa
880 3513 1120 3599 Damastoris

375 3639 521 3700 Accusas
543 3634 603 3697 tibi
624 3630 774 3694 mollior

438 3738 541 3817 Quam
564 3735 709 3798 Fortuna
733 3727 824 3791 velit.
867 3720 966 3787 Disce
986 3713 1199 3803 placentibus

374 3838 442 3901 Vel
464 3837 509 3901 sic
531 3833 662 3899 destitui
685 3830 778 3895 bonis

441 3939 657 4018 Maternoque
680 3932 741 3997 soli
762 3925 876 3992 fertilis
898 3925 1011 3995 ubere.

381 4042 484 4102 Uram
508 4036 558 4113 bis
581 4035 732 4110 decimam
754 4048 865 4093 recens
1042 4094 1046 4099 ⁴

443 4134 586 4199 Mutavit
608 4131 776 4205 Bromius,
802 4138 952 4210 sertaque
968 4121 1083 4205 ,spicea

382 4232 524 4297 Divulsit
546 4230 641 4313 capiti
664 4228 785 4306 Ceres,

1333 3804 1366 3865 15
