2762 4760
234 205 276 266 64

235 363 279 426 Et
300 358 414 424 mulier
434 355 605 423 coniuncta
627 353 701 417 viro
726 351 887 418 concessit
908 350 1075 429 inunum,
1278 355 1350 418 1010

234 461 397 546 Castaque
416 458 562 543 privatae
584 455 724 520 Veneris
747 454 908 519 connubia
930 455 1012 518 laeta

236 562 381 649 Cognita
403 572 474 625 sunt
493 560 684 644 prolemque
706 579 748 620 ex
768 577 803 620 se
824 556 934 620 videre
956 568 1114 634 creatam3

236 670 320 731 Tum
341 685 440 749 genus
462 665 632 725 humanum
654 658 794 743 primum
814 658 1005 724 mollescere
1025 661 1146 743 coepit.

233 766 325 854 Ignis
344 767 429 830 enim
451 763 595 839 curavit,
617 773 653 826 ut
671 761 748 825 alsia
772 781 916 844 corpora
937 761 1044 845 frigus

234 874 313 935 Non
332 869 377 933 ita
394 867 456 933 iam
474 876 609 950 possent
629 863 710 928 caeli
731 866 791 927 sub
812 863 952 948 tegmine
973 864 1083 929 serres
1280 864 1350 930 1015

234 975 280 1036 Et
299 973 412 1036 Venus
435 967 593 1033 imminuit
615 964 716 1031 vireis
742 965 918 1051 puereique
940 977 1108 1049 parentum

233 1072 405 1138 Blanditiis
427 1070 523 1136 facile
546 1068 710 1154 ingenium
729 1067 860 1152 fregere
881 1070 1069 1150 superbum.

234 1178 328 1239 Tunc
350 1186 382 1239 et
400 1172 573 1238 amicitiem
594 1180 771 1253 coeperunt
789 1168 924 1252 iungere
946 1171 1100 1235 babentes

233 1274 404 1343 Finitumei
421 1275 505 1339 inter
523 1296 558 1338 se
576 1294 636 1337 nec
652 1273 779 1336 laedere
794 1291 855 1338 nec
873 1270 1018 1349 violare3

233 1383 278 1444 Et
301 1400 422 1463 pueros
446 1379 707 1442 commendarunt
730 1371 948 1460 muliebreque
970 1375 1089 1441 seclum
1278 1380 1352 1442 1020

236 1481 388 1546 Vocibus
409 1491 442 1544 et
461 1489 571 1564 gestu,
594 1499 694 1563 quom
714 1477 810 1539 balbe
828 1474 1048 1561 significarent

235 1581 480 1648 imbecillorum
503 1603 570 1644 esse
594 1600 731 1664 aequom
752 1577 937 1642 misererier
959 1579 1059 1645 omni.

234 1687 312 1750 Non
335 1696 441 1747 tamen
464 1681 657 1748 omnimodis
678 1690 808 1764 poterat
830 1681 1007 1746 concordia
1033 1680 1143 1767 gigni:

234 1791 298 1853 Sed
316 1789 403 1851 bona
425 1805 602 1870 magnaque
624 1805 700 1866 pars
723 1785 895 1847 servabant
915 1785 1049 1849 foedera
1071 1784 1187 1863 castei3

232 1892 301 1953 Aut
323 1910 423 1974 genus
442 1890 613 1950 humanum
634 1885 697 1949 iam
718 1896 785 1948 tum
804 1885 894 1949 soret
916 1907 1010 1951 omne
1030 1900 1234 1972 peremptum
1278 1893 1352 1955 1020

232 1994 305 2056 Nec
325 1989 483 2074 potuisset
504 1990 609 2051 adhuc
632 1991 811 2071 perducere
833 1983 919 2051 secla
940 2009 1107 2074 propago.

296 2096 342 2158 At
363 2091 476 2156 varios
496 2089 624 2175 linguae
647 2088 771 2153 sonitus
793 2099 907 2153 natura
928 2090 1057 2174 subegit

232 2195 369 2261 Mittere
388 2204 422 2257 et
443 2190 563 2263 utilitas
585 2189 745 2274 expressit
763 2190 892 2255 nomina
915 2213 1043 2257 rerum:

233 2299 313 2362 Non
333 2295 394 2360 alia
413 2296 512 2379 longe
534 2291 678 2370 ratione,
701 2304 796 2379 atque
817 2291 889 2375 ipsa
911 2293 1039 2358 videtur

232 2400 433 2465 Protrahere
451 2399 492 2459 ad
515 2406 639 2480 gestum
662 2415 782 2477 pueros
798 2393 934 2459 infantia
951 2395 1101 2481 linguae3
1280 2406 1354 2469 1030

286 2540 363 2590 1010.
378 2542 446 2586 elsio
452 2541 528 2585 Codd.
537 2541 646 2596 plerique
654 2539 770 2585 ctiaml’ii
779 2542 855 2586 etmel
864 2540 892 2586 0.
902 2541 932 2586 Ε.
941 2543 1073 2590 Ver.Ven.
1085 2569 1118 2579 —
1131 2542 1223 2608 algido
1230 2550 1323 2609 Margo
1329 2552 1353 2596 E.

233 2615 356 2662 ocinus.
395 2608 472 2663 1018.
493 2610 524 2654 Ut
536 2623 590 2662 nos,
605 2610 686 2654 (tw.
700 2609 840 2655 amicitiem
853 2612 1010 2658 E.asec.m.
1021 2613 1090 2660 ΕΗ.
1131 2614 1208 2664 10¹9.
1230 2620 1271 2663 lta
1283 2622 1353 2666 Codd.

233 2685 292 2742 aliq.
305 2684 378 2729 etism
388 2682 419 2725 E.
449 2680 508 2723 Pius
522 2680 545 2723 in
558 2679 622 2722 notis
633 2680 684 2736 (qni
698 2683 777 2723 temen
789 2693 833 2735 pro
843 2678 962 2726 babentes
972 2683 1068 2728 volebat
1077 2685 1202 2743 aventes.)
1218 2710 1248 2721 -
1261 2689 1354 2752 finium

234 2753 310 2798 Codtl.
323 2749 348 2797 lt.
362 2750 423 2795 Edd.
436 2753 493 2794 vett.
508 2746 621 2810 finitimo
634 2749 678 2792 Ar.
691 2748 766 2792 P.-ll.
786 2745 903 2799 habentor
924 2753 1019 2810 entique
1035 2758 1060 2798 ut
1075 2768 1114 2811 ep.
1131 2752 1238 2802 Ennium
1253 2774 1285 2804 ac
1301 2763 1354 2805 Var-

232 2836 316 2866 ronem
335 2817 548 2876 pronuntiantes.
587 2814 663 2862 1022.
684 2818 720 2861 lte
737 2817 813 2866 Codd.
828 2819 890 2863 Eud.
903 2824 963 2865 vett.
983 2823 1093 2867 omnium
1107 2825 1199 2871 mn,
1215 2841 1286 2884 „per
1299 2832 1353 2885 mi,

231 2891 298 2937 nesin
316 2890 387 2934 scil.”
423 2885 499 2933 1021.
520 2886 655 2930 servabunt
667 2887 728 2931 Cdd.
744 2888 818 2945 aliq„
838 2890 911 2933 etium
921 2889 952 2935 E.
966 2892 998 2937 A.
1009 2892 1039 2937 L.
1051 2893 1081 2938 Η.
1092 2894 1169 2940 Forb.
1191 2917 1223 2928 -
1243 2900 1355 2945 ursam

233 2974 263 3006 es
277 2960 333 3004 aliis
350 2953 405 3018 (C.)
419 2958 479 3010 Ws,
499 2958 561 3012 quod
580 2957 783 3000 accommodatum
797 2961 834 3001 est
848 2961 876 3003 ed
891 2972 915 3003 τ.
927 2972 1003 3017 pars.
1030 2963 1092 3006 'l'um
1111 2970 1181 3009 custo
1199 2965 1232 3011 C.
1252 2972 1281 3012 et
1299 2968 1354 3013 Ε..

232 3043 283 3075 sec.
301 3043 335 3075 m.
374 3024 451 3072 1027.
471 3026 516 3070 llic
531 3026 614 3079 locus,
634 3026 655 3069 si
674 3038 727 3068 eum
743 3025 843 3080 Epicuri
860 3027 939 3082 Epist.
953 3031 983 3074 nd
993 3031 1142 3078 Herodotum
1151 3033 1174 3094 p.
1186 3031 1231 3080 44,
1243 3038 1354 3083 δαημς,

232 3100 340 3145 studiose
359 3097 512 3149 conferetur,
531 3098 556 3138 tn
574 3094 788 3149 primis-docebit,
814 3108 915 3152 quanam
932 3105 985 3144 erte
1002 3099 1130 3147 Lucretius
1147 3104 1173 3148 in
1190 3109 1354 3163 praeceptoris

232 3169 338 3226 pedestri
357 3179 469 3211 sermono
487 3164 609 3208 reddendo
628 3164 818 3220 exponendoque
836 3171 948 3211 versutus
967 3172 1008 3214 sit.
1043 3172 1084 3216 Sic
1101 3177 1181 3217 eutem
1200 3175 1262 3221 ille:
1283 3169 1354 3225 Ἀλλὰ

231 3233 293 3302 μὴν
310 3230 513 3298 ὑποληπτέον,
531 3230 583 3280 καὶ
600 3228 658 3296 τήν
677 3228 737 3282 τῶν
754 3226 917 3300 ἀνθρώπων
934 3232 1028 3298 φύσιν
1046 3236 1141 3289 πολλὰ
1159 3241 1212 3292 καὶ
1230 3249 1355 3295 mmm

150 3321 154 3325 ·
229 3302 291 3357 ἀπὸ
309 3302 368 3354 τῶν
386 3297 486 3353 αὐτῶν
504 3297 686 3378 πραγμάτων
701 3298 879 3366 διδαχὲιῆναί
901 3317 933 3353 τε
957 3306 1009 3355 καὶ
1026 3304 1279 3376 ἀναγκασθῆναι·
1310 3309 1355 3364 τὸν

231 3373 262 3425 δέ
280 3367 428 3438 λογισμὸν
444 3366 483 3420 τὰ
501 3366 561 3419 υπὸ
579 3365 691 3434 ταύτης
708 3370 952 3441 παρεγγυηθέντα
968 3374 1021 3424 καὶ
1032 3370 1159 3448 ὕστερον
1171 3377 1355 3453 ἐπακριβοῦν

231 3441 283 3493 καλ
299 3433 573 3511 προσεξευρίσκειν,
605 3435 638 3486 έν
654 3438 710 3503 μέν
728 3454 789 3489 τισι
805 3438 929 3503 boletos,
959 3440 992 3493 ἐν
1015 3441 1047 3494 δέ
1071 3460 1132 3497 τισι
1152 3447 1353 3524 βραδύτερο,.

230 3511 282 3563 καὶ
300 3508 332 3561 έν
349 3509 405 3574 μέν
422 3521 485 3558 τισι
500 3502 578 3555 κατὰ
595 3504 752 3576 περιόδους
774 3508 827 3559 καλ
849 3525 867 3570 χ
897 3505 978 3575 ’νους
1000 3515 1120 3578 μείζους
1143 3512 1204 3567 ἀπὸ
1224 3519 1291 3570 ,ὧν
1308 3516 1354 3571 ,οὗ

231 3577 378 3648 ἀπείρου,
396 3573 428 3626 ἐν
444 3574 478 3626 δι’
494 3588 555 3625 τισι
571 3577 635 3624 κατ’
652 3571 802 3639 ἐλάττους.
829 3573 863 3628 ‘¹0
884 3593 916 3629 εν
927 3579 1033 3633 καὶτὰ
1052 3580 1191 3649 ὀνόματα
1209 3583 1243 3651 ἐξ
1263 3588 1354 3662 ἀρχῆς

219 3646 273 3716 lll'l
293 3646 384 3728 35⁰⁶ss
393 3641 549 3711 pensatas,
575 3638 637 3694 ἀλλ’
663 3638 759 3709 αῧῒὰς
784 3642 839 3709 τὰς
864 3645 973 3713 φύσεις
997 3649 1058 3702 τῶν
1083 3648 1269 3725 ἀνθρώπων,
1298 3658 1354 3709 xa&

233 3714 350 3770 ἕκαστα
367 3713 441 3778 εονη
466 3710 529 3764 ἴδια
555 3710 734 3777 πασχούσας
757 3713 839 3782 πάοη
858 3718 909 3768 καλ
928 3715 988 3770 ἴδια
1004 3719 1223 3787 λαμβανούσας
1239 3724 1355 3789 (pam.

232 3801 353 3852 σματα,
384 3782 464 3844 ἰδίως
480 3781 535 3833 τόν
553 3776 629 3853 ἀέρα
649 3782 825 3848 ἐκπέμπειν,
855 3785 1052 3854 στελλόμενον
1070 3785 1124 3853 ὑφ’
1144 3790 1289 3847 ἑκάστων
1305 3796 1356 3848 ,ὧι

230 3854 334 3910 subdu
348 3849 475 3903 καὶτῶν
493 3849 734 3919 φαντασμάτων,
753 3850 793 3917 ὠς
809 3849 849 3906 ἀν
865 3869 936 3923 ποτε
954 3859 1005 3909 καὶ
1022 3853 1042 3924 ἡ
1061 3856 1141 3931 παρὰ
1158 3860 1234 3927 τούς
1247 3864 1356 3927 τόπους

230 3923 289 3977 τῶν
309 3921 404 3974 ἐθνῶν
420 3917 553 3992 διαφορὰ
571 3916 628 3986 εἴη.
661 3919 799 3993 Ὕστερον
816 3922 848 3975 δὲ
866 3924 975 3988 κοινῶς
995 3926 1061 3978 καθ’
1083 3925 1199 3983 ἕκαστα
1221 3929 1305 4002 ditm
1325 3932 1355 3986 τὰ

231 3992 293 4046 ἴδια
309 3990 447 4056 τεθῆναι,
477 3987 552 4060 πρὸς
578 3988 613 4042 τδ
640 3987 695 4053 τὰς
717 3987 859 4057 δηλώσεις
885 3984 977 4059 ἦττον
1000 3992 1192 4063 ἀμφιβόλους
1216 4003 1356 4069 γενέσθαι

231 4059 369 4128 ἀλλήλοις
393 4061 444 4110 καὶ
471 4059 702 4130 συντομωτέρως
721 4060 914 4127 δηλουμένας.
948 4062 1023 4115 TW&
1041 4065 1073 4117 ης
1087 4066 1197 4121 καγοῦ
1219 4070 1355 4146 συνορῶ,

230 4147 308 4199 μενα
335 4127 496 4201 πράγματα
518 4128 715 4198 εἰσφέροντας
741 4127 815 4191 τοὺς
838 4128 1012 4196 συνειδότας
1038 4138 1251 4206 παρεγγυῆσαί
1281 4156 1355 4202 τινας

137 4259 140 4268 .
231 4200 403 4266 rpbdpyovg·
432 4188 487 4257 [ὧν
504 4200 569 4259 τοῖς
585 4196 650 4260 μὲν]
670 4193 914 4263 ἀναγκασθέντας
932 4197 1149 4271 ἀναφωνῆσαι,
1177 4207 1256 4274 τοὺς
1272 4211 1306 4263 δὲ
1321 4210 1355 4277 τῷ

231 4266 364 4338 λογισμῷ
382 4265 548 4333 ἑπομένους
569 4262 648 4316 κατὰ
666 4262 721 4330 τὴν
739 4265 879 4334 πλείστην
898 4271 1013 4338 αἰτίαν,
1043 4270 1142 4341 οὕτως
1161 4275 1355 4351 ἑρμηνεῦσαι,
