2736 4748
19 414 22 421 a
95 364 188 428 Dona
213 383 329 425 novem
352 360 546 446 libris'qua'c
568 358 831 438 tribucrc'meis,

42 467 203 550 Agnoscas
229 486 277 527 me
298 463 369 527 iure
390 484 461 527 meo
483 475 686 528 contemnere
708 475 866 528 mortem:
941 470 950 477 “

95 569 177 631 Nam
199 565 267 629 sine
289 567 339 630 sel
361 567 510 649 Sapphus
533 565 660 631 nomine
682 564 883 631 duumuir.

570 750 625 815 28.

44 872 141 935 Pauca
166 869 293 954 quidem
315 868 430 933 cecinit
451 869 544 935 nobis
567 870 709 948 Erinna,
731 869 878 954 lomaniae
944 878 952 949 ζ

96 975 219 1050 Parca,
245 974 301 1035 sed
322 974 387 1035 hoc
409 974 522 1036 Musas
542 983 606 1035 tam
629 975 730 1036 breve
753 992 881 1036 carmen
902 971 1010 1037 habet.

43 1076 104 1138 Nec
125 1073 186 1137 fuit
208 1096 224 1136 a
246 1075 350 1139 famae
373 1076 495 1138 deserta
517 1075 654 1138 favore:
679 1095 737 1137 nec
757 1073 843 1137 illam
929 1148 932 1152 ⁵

10 1222 11 1225 ,
96 1175 285 1256 Implicitam
308 1176 420 1257 pennis
442 1197 509 1240 unx
531 1175 611 1258 tegit
632 1187 701 1238 atra
724 1173 802 1238 suis.

42 1278 82 1341 Aa
102 1300 162 1343 nos
183 1278 303 1340 interea
325 1289 433 1340 vatum
455 1298 624 1342 numerosa
647 1297 807 1341 novorum

97 1379 188 1443 Milia
211 1382 295 1442 nube
317 1380 397 1464 tegit
418 1362 567 1459 proxima
589 1399 684 1460 saepe
707 1378 793 1452 dies;

43 1483 115 1544 Nam
138 1465 251 1545 melini
272 1481 364 1562 cycni
386 1502 511 1544 carmen
535 1484 654 1556 breve,
678 1501 772 1563 quam
794 1500 893 1542 sonus
916 1479 1038 1558 oannis,

97 1584 201 1664 Quem
222 1583 348 1668 spargit
371 1603 485 1646 vernas
508 1582 657 1667 graculus
678 1580 712 1647 in
733 1582 876 1648 nebulas.

570 1768 624 1832 29.

42 1885 146 1954 Dulcis
168 1888 222 1951 hic
242 1886 382 1952 Erinnae
403 1887 498 1950 labor
519 1898 587 1963 est,
613 1909 676 1951 non
699 1908 832 1970 magnus
853 1889 908 1966 (ad
929 1906 1029 1951 annos

97 1992 206 2074 Virgo
230 2012 346 2054 noveru
367 2001 488 2053 tantum
514 1990 636 2053 vixerat
658 2001 753 2073 atque
776 1990 883 2050 decem
896 1990 922 2067 :)

42 2095 101 2157 Sed
122 2091 228 2155 multis
250 2103 413 2174 praestans
435 2091 523 2155 aliis:
547 2090 607 2154 uisi
629 2085 865 2153 iata'tulisseut

14 2250 18 2255 .
98 2198 179 2260 Tam
201 2194 266 2259 cito
289 2216 358 2274 mc,
382 2192 472 2258 cuins
493 2195 606 2279 gloria
620 2203 708 2257 tanta
727 2188 837 2256 foret?

571 2379 626 2445 30.

42 2500 122 2563 Dum
144 2498 232 2581 paris
255 2511 417 2562 aeternum
440 2498 567 2562 mellitis
590 2495 781 2561 carminibus
804 2512 882 2575 ver,

98 2602 217 2665 Fundit
238 2602 383 2666 olorinus
406 2604 478 2663 duam
503 2613 555 2664 tua
577 2600 683 2684 lingua
707 2619 824 2676 sonos,

43 2707 149 2788 Regna
171 2724 231 2786 per
253 2707 435 2766 umbrarum
457 2714 488 2765 te
509 2703 572 2765 fert
594 2703 789 2765 Acherontis
811 2704 852 2764 ad
875 2703 973 2765 undas

97 2808 200 2870 Parca
223 2806 313 2868 colus
337 2805 420 2869 vitae
442 2825 539 2885 pensa
561 2803 712 2868 trahentis
734 2805 824 2866 bera.

41 2909 99 2970 Sed
121 2911 235 2970 doctus
257 2908 349 2969 labor
371 2907 423 2968 itte
445 2918 518 2968 tuus
540 2917 570 2968 te
594 2904 704 2968 vivere
726 2906 860 2979 clamat,

99 3011 240 3088 Erinna‚
264 3020 297 3074 et
313 3009 431 3072 ¹Musas
453 3007 535 3070 inter
557 3009 675 3070 habere
697 3008 830 3071 chorus.

573 3192 626 3256 31.

41 3314 187 3378 Erinnam
210 3314 343 3398 vigiicm
367 3315 537 3377 Musarum
560 3333 694 3395 carpere
716 3299 835 3388 flores,
877 3382 879 3386 ι

100 3420 191 3498 Quae
214 3430 303 3480 vates
326 3420 407 3479 iutcr
430 3417 511 3479 lacta
534 3417 658 3478 virebat
680 3413 769 3494 apis,
866 3484 868 3488 ³
925 3484 928 3493 Ι

41 3520 91 3582 Ad
110 3542 165 3582 sua
188 3521 252 3584 sert
275 3522 395 3584 Pluton
418 3517 598 3582 connubia:
623 3539 698 3580 vcra
722 3517 828 3599 puella

106 3624 260 3698 Dixcrat3
285 3643 306 3686 ο
328 3622 470 3700 Pluton,
494 3610 619 3682 invidus
640 3640 673 3682 cs
695 3619 836 3684 nimium!

174 3849 279 3894 Caranen
298 3854 337 3903 at,
357 3863 371 3892 ο
389 3848 495 3903 Erinna,
515 3853 581 3892 tumn
600 3853 622 3891 te
642 3845 747 3891 clamitat
764 3844 830 3891 Orco

215 3920 327 3974 Ereptum
345 3919 415 3975 inque
434 3918 515 3962 choris
533 3919 612 3962 rivere
630 3915 764 3962 Pieridum.

108 3983 151 4049 31]
168 3990 300 4036 cunichins
318 3988 368 4032 sic:

176 4060 248 4103 More
266 4058 318 4112 apis
337 4055 439 4100 eximios
457 4056 520 4100 inter
536 4057 638 4100 volitare
656 4055 740 4109 podtas

209 4128 335 4172 Adsuetum
355 4131 377 4169 et
396 4124 470 4167 flores
489 4138 589 4182 carpere
609 4125 745 4173 Castalios,

174 4195 289 4239 Eruuuun
308 4191 396 4237 Pluton
415 4196 495 4248 rapuit
512 4195 567 4236 sibi.
605 4195 669 4236 Vera
689 4193 780 4246 puellae

210 4264 264 4307 Vox
283 4263 345 4309 fuit:
364 4262 582 4335 Plutonajnvidus
600 4274 627 4307 es
645 4259 759 4305 nimium!
791 4252 794 4258 ’
