2736 4748
35 347 167 427 Nobilis
188 347 243 414 ille
262 356 368 413 tamen
388 343 549 431 populns,
572 363 668 430 111111
690 340 849 422 diximus,
872 352 904 409 et
925 364 985 430 par

35 454 172 517 Virtute
195 450 397 536 atquefide,
420 450 478 513 sed
499 446 603 511 maior
623 447 713 511 clade
734 448 914 532 Sagtmtns,

36 555 120 619 Tale
142 552 220 638 qnid
242 561 386 615 excusat.
429 547 598 615 Maeotide
619 548 749 617 saevior
771 571 826 613 ara
1100 545 1161 621 115

34 656 233 738 Aegyptnse
256 652 377 738 quippe
398 651 454 717 illa
475 648 605 715 nefandi
628 649 768 714 Taurica
786 647 875 719 sacri

36 756 210 820 Inventrix
232 753 397 829 homiues,
420 750 555 828 utiam,
579 771 660 835 quae
682 750 822 817 carmina
844 754 990 832 tradunt,

36 857 152 941 Digna
172 855 235 919 lide
257 856 387 931 credas,
408 862 531 916 tantuna
553 851 721 928 immolet‚.
739 851 873 916 ulterius
895 852 940 917 nil

38 960 111 1023 Aut
134 955 265 1042 gravius
287 956 393 1020 cultro
415 953 506 1018 timet
526 952 647 1021 hostia.
691 954 773 1035 Quis
795 956 892 1018 modo
914 973 1006 1017 casus

36 1059 177 1142 Impulit
196 1056 283 1123 hos?
303 1076 385 1140 quae
407 1065 492 1121 tanta
513 1054 614 1120 lames
635 1054 812 1139 iniustaque
835 1056 923 1120 vallo
1100 1056 1163 1119 120

34 1164 143 1226 Arma
166 1161 346 1244 coegerunt
368 1168 433 1227 tarn
454 1156 642 1220 detestabile
664 1169 840 1222 monstrum

35 1259 202 1344 Angere?
223 1262 320 1324 Anne
341 1257 451 1335 aliam,
474 1268 562 1321 terra
585 1257 797 1341 Memphitide
818 1258 921 1337 sicca,

36 1364 200 1428 iuvidiam
221 1363 365 1430 lacerent
385 1359 509 1427 nolenti
529 1381 668 1445 surgere
689 1360 793 1427 Nilo?

37 1467 115 1547 Qua
136 1485 198 1528 nec
218 1463 378 1528 terribiles
400 1462 527 1531 Cimbri
547 1482 609 1526 nec
630 1461 781 1527 Britonee
803 1480 940 1549 unquam

39 1567 321 1649 Sauromataeque
341 1575 448 1639 truces
471 1573 526 1628 aut
544 1563 697 1647 immanes
718 1564 917 1647 Agathyrsi,
1100 1564 1162 1629 125

34 1669 114 1735 Hac
136 1665 238 1730 saevit
261 1664 349 1732 rabie
365 1663 496 1732 ¹imbelle
518 1675 551 1728 et
570 1663 684 1729 inutile
705 1666 843 1748 volgus,

34 1767 186 1834 Parvula
207 1765 357 1835 fictilibus
377 1765 507 1843 solitum
528 1764 604 1833 dare
625 1765 697 1830 vela
719 1765 859 1850 phaselis

33 1871 82 1933 Et
104 1866 386 1950 brevibuspictae
406 1866 504 1931 remis
523 1865 711 1932 incumbere
732 1878 846 1933 testae.

32 1972 113 2036 Nec
132 1988 271 2050 poenam
284 1966 407 2038 ,sceleri
428 1966 570 2032 invenies
591 1989 651 2033 nec
671 1968 767 2052 digna
790 1967 916 2050 parabis

35 2069 206 2153 Supplicia
226 2067 276 2133 his
299 2068 448 2152 populis,
471 2068 664 2154 inquorum
687 2080 791 2132 mente
811 2090 907 2151 pares
929 2080 1001 2134 suut
1099 2071 1161 2135 ltu

33 2175 84 2241 Et
108 2170 225 2235 similes
247 2171 295 2234 ira
317 2182 413 2254 atqne
432 2169 548 2235 fames.
593 2170 786 2236 Mollissima
809 2174 908 2235 corda
945 2173 949 2181 ’

31 2275 193 2339 Humano
214 2271 423 2356 generidare
444 2292 481 2335 se
502 2272 626 2334 Natura
647 2272 786 2349 latetur,
822 2350 824 2355 Ι

32 2375 133 2454 Quae
154 2372 299 2437 lacrimas
321 2372 428 2456 dedita
452 2374 530 2439 haec
550 2372 656 2440 nostri
676 2393 752 2456 pars
774 2370 894 2456 optima
914 2394 1039 2441 sensus.

30 2476 180 2542 Plorare
201 2494 291 2567 ergo
304 2474 393 2541 iubet
412 2495 538 2539 causam
561 2474 692 2539 dicentia
714 2473 808 2540 aruici
994 2462 998 2469 ’

33 2576 298 2660 squaloremque
318 2575 385 2654 rei,
408 2575 565 2659 pupillum
586 2579 626 2639 ad
645 2576 716 2640 iura
738 2587 908 2641 vocantem
1099 2577 1161 2643 tas

29 2678 498 2762 circumscriptorem,.cuius
518 2677 676 2744 manantia
696 2678 777 2749 fletu
847 2716 851 2737 .

28 2878 135 2933 miaes;
155 2877 211 2933 qnia
229 2876 253 2921 id
271 2864 361 2922 numini
378 2877 437 2922 vitio
454 2880 565 2933 vertant,
585 2876 609 2922 in
629 2878 703 2932 illos,
722 2879 864 2924 necessitate
882 2878 911 2922 ad
924 2882 1031 2924 extrema
1052 2882 1159 2936 coactos,

27 2946 207 2991 misericordia
223 2943 385 2991 afficiemur?
422 2941 617 2991 121.Βί110111
634 2948 665 2992 D.
681 2969 712 2981 —
727 2945 851 2999 Teutones
872 2949 964 3002 patriae
982 2961 1066 2992 amore
1084 2934 1162 2991 auda.

28 3017 89 3061 cios·
118 3014 199 3057 factus
224 3015 362 3059 Markland.
389 3011 448 3059 125.
472 3012 616 3075 Agathyrsi
634 3016 742 3070 Scythica
764 3029 824 3074 gens
843 3017 866 3059 in
884 3017 1002 3060 Sarmatia
1021 3015 1160 3071 Europaea.

30 3081 100 3128 126.
120 3082 185 3127 Nota
203 3081 292 3126 hiatum
309 3083 379 3152 rabie
397 3082 505 3129 imbelle.
526 3081 584 3129 134.
595 3097 699 3129 caueam
709 3082 829 3142 dicentis]
840 3085 880 3128 Sic
892 3084 963 3128 ABG.
977 3084 1028 3141 (hic
1038 3098 1052 3126 a
1063 3097 1100 3138 pr.
1113 3083 1161 3140 tn.)

26 3151 114 3197 DEG.
164 3152 244 3209 Vulgo
262 3155 318 3196 ante
336 3152 398 3208 llup.
417 3153 491 3197 Web.
512 3146 647 3198 Gonetrue:
673 3154 831 3209 „squalorem
855 3152 926 3195 amici
946 3165 1042 3196 causatu
1059 3152 1160 3197 dicentis

28 3227 55 3266 et
78 3219 148 3264 rei''
170 3219 285 3272 liberius,
310 3225 336 3264 ut
353 3219 380 3264 lit
402 3221 463 3276 apat
484 3224 587 3276 potstas,
607 3217 751 3275 transpositi
775 3217 870 3276 copuld.
906 3220 982 3278 Quam
1000 3222 1161 3265 constructio·

26 3303 91 3335 nean
111 3301 185 3344 quum
211 3290 296 3351 aninue
315 3290 447 3334 1111111111
463 3294 533 3352 atque
551 3291 649 3334 omniuo
666 3289 796 3335 lorrnulatn
819 3301 924 3333 causum
941 3289 1027 3333 dicere
1046 3289 1106 3333 hand
1125 3291 1162 3334 in·

26 3352 195 3415 telligereut,
222 3352 337 3412 tuerent,'
354 3358 394 3415 qui
413 3359 560 3403 scriberent:
585 3371 691 3405 coucam
709 3358 822 3417 lugentis
840 3358 887 3416 (sic
906 3360 959 3403 scil.
979 3359 1008 3403 F.
1028 3358 1058 3402 C.
1075 3372 1089 3401 a
1108 3371 1159 3405 sec.

24 3425 80 3482 m.)
102 3426 121 3470 i.
141 3439 165 3472 1,.
185 3438 214 3469 ex
236 3427 329 3470 suediae
351 3428 436 3470 aetatis
463 3427 591 3471 Latinitate
611 3428 683 3484 (quaa
710 3439 781 3482 saepe
806 3427 830 3470 in
850 3427 995 3482 explicandis
1017 3428 1161 3480 corruptelis

24 3510 58 3540 ac
81 3494 230 3548 praesertim
248 3495 473 3549 interpolationibus
490 3498 519 3540 ad
536 3501 616 3551 parles
636 3496 741 3538 vocanda
765 3493 829 3551 est·)
853 3497 902 3549 „ln
919 3509 996 3550 coeo,
1027 3495 1054 3538 lo
1072 3492 1161 3558 edors,

23 3564 201 3610 conditionem
217 3564 321 3621 lugentis
337 3563 440 3615 asnici.'’
483 3565 535 3608 lloc
553 3577 625 3621 quum
644 3576 728 3618 parurn
750 3569 816 3608 reete
837 3564 882 3607 dici
903 3565 1028 3617 viderent,
1048 3576 1161 3609 correxe-

22 3636 112 3678 runt:
132 3643 222 3676 coeuar
238 3632 351 3691 lugentia
369 3631 464 3687 amici,
484 3637 534 3677 nte
554 3636 667 3688 quattuor
684 3631 745 3675 cat.
759 3632 833 3675 edidit
848 3632 920 3687 11111.ι
949 3633 995 3676 Sed
1008 3633 1053 3675 lrue
1075 3637 1099 3676 et
1117 3645 1162 3690 per

22 3715 55 3747 se
87 3699 164 3744 nimis
188 3697 322 3754 inlinitum,
353 3706 378 3745 11
404 3702 433 3746 tle
459 3702 646 3754 misericordia,
675 3713 744 3757 quarn
770 3701 848 3744 luctus
874 3713 902 3744 ae
927 3701 1012 3745 lunera
1036 3702 1161 3758 excitent,

22 3782 119 3815 sermo
147 3769 300 3813 caldonium
317 3781 342 3812 v.
363 3766 422 3818 138.
471 3770 525 3814 Alia
550 3770 644 3814 ratione
662 3769 742 3812 locum
767 3782 923 3823 corrumpere
944 3770 1042 3815 volebat
1061 3771 1160 3816 Waltel.

21 3840 98 3887 Sile.
124 3838 180 3882 erte
206 3834 232 3882 2.
256 3849 282 3892 p.
310 3834 368 3883 1⁰1.
388 3839 422 3883 ita
439 3839 513 3884 verba
531 3838 729 3893 transponendo:
759 3832 1011 3897 circumscriptorem
1036 3842 1162 3898 pupillum

20 3906 64 3955 od
91 3905 156 3950 a'aera
182 3912 309 3950 rorantem
337 3904 531 3967 squaloremque
553 3908 607 3961 rei,
636 3905 709 3950 cuiue
735 3919 769 3954 m,
785 3904 816 3969 fl.
864 3903 923 3953 135.
948 3909 1105 3966 lntelligenda
1124 3912 1163 3952 est

21 3974 104 4022 actio
130 3973 274 4019 retraetans
302 3972 493 4032 distrahendis,
524 3989 595 4033 qnam
619 3971 689 4018 flnlta
716 3976 794 4019 tutela'
816 3974 920 4021 institnit
943 3977 1048 4032 pupillus
1078 3981 1162 4022 centra
1185 4015 1190 4022 .

22 4049 145 4091 tutorem
162 4042 193 4087 ol>
211 4044 369 4098 interceptam
386 4045 511 4100 pecuniam
529 4044 671 4100 pupillarem
688 4041 797 4101 maleque
814 4046 920 4090 redditas
937 4047 1060 4098 rationes,
1090 4045 1161 4100 idque

19 4115 51 4159 in
73 4113 188 4167 duplum.
223 4111 294 4168 Apud
311 4112 434 4158 Romanos
452 4115 520 4170 pueri
538 4112 644 4166 corneti,
664 4115 726 4157 tonsi
745 4114 840 4157 demum
858 4117 883 4157 et
899 4111 1047 4158 circumcisis
1060 4110 1090 4154 ab
1102 4124 1161 4155 aure

20 4180 238 4227 descendentibus
255 4182 377 4237 capillisp
393 4182 434 4228 ubi
453 4188 544 4229 restem
562 4180 704 4236 pupillarem
722 4183 898 4235 deposuissent.
942 4178 986 4222 llic
1005 4179 1077 4236 igitur
1094 4178 1162 4222 habi·

20 4255 69 4301 tes
89 4249 229 4306 commanis
249 4262 401 4309 1111111111,
427 4253 489 4299 unde
506 4250 617 4302 crinitae
641 4251 780 4308 paedagogo
806 4247 894 4294 terloe
912 4246 1019 4290 1111111111
1039 4243 1087 4301 12,
1114 4242 1159 4292 tl.
1218 4274 1221 4283 ,
