2736 4748
58 475 156 537 Laeta
179 470 260 537 meri
283 481 401 548 mater,
426 492 507 555 quae
529 471 651 554 crispas
674 472 814 539 molliter
834 496 913 542 uvas

118 576 239 638 lntcxis
261 572 353 636 lentis
376 572 464 636 ebria
487 574 687 655 palmitibus,

58 678 185 742 Fronde
207 690 260 740 tua
285 676 408 739 veletur
428 674 644 740 Anacreionta
666 676 813 739 columna

120 778 211 860 Quae
235 789 326 841 notat
348 790 380 842 et
403 777 505 841 tenuis
527 798 589 860 qua
613 776 767 858 sepelitur
789 779 921 855 humus3

59 880 103 944 Ut
119 872 234 956 ‚sitiens
256 878 322 942 vini
343 890 606 962 comessatorque
627 898 686 959 per
709 898 833 942 omnem

120 983 258 1045 Noctem
282 982 320 1042 de
342 978 434 1061 pueri
456 979 561 1060 pulset
583 999 693 1042 atnore
716 980 844 1060 chelyn.

59 1083 152 1145 Nunc
172 1081 330 1162 etiamque
350 1091 438 1164 tegat
461 1083 499 1143 de
521 1079 665 1163 pulchris
688 1080 773 1145 lacta
793 1081 927 1145 racemis

120 1183 157 1245 In
181 1194 284 1245 terras
305 1181 387 1265 lapsi
408 1181 489 1245 festa
513 1204 635 1246 corona
653 1195 773 1263 capnt,

58 1285 128 1348 Nec
149 1283 273 1348 Bromii
294 1283 335 1347 sit
356 1283 442 1346 roris
466 1304 584 1367 egens,
610 1305 676 1367 quo
698 1283 822 1349 dulcius
844 1285 917 1370 ipso
967 1332 971 1337 -

120 1384 264 1467 spiravit
286 1385 393 1468 lepido
415 1406 543 1448 carmen
565 1387 606 1449 ab
629 1406 686 1450 ore
708 1407 821 1452 senex.

591 1570 646 1637 38.

59 1687 192 1774 Cingat,
217 1689 417 1767 Anacreion,
442 1693 643 1776 quadruplex
665 1703 717 1756 tua
739 1694 831 1773 busta
854 1698 1049 1776 corymbos,

121 1792 164 1855 Et
186 1813 267 1875 qliae
289 1804 460 1856 vernantes
482 1815 624 1876 purpura
653 1795 752 1858 vestit
776 1816 893 1880 agros3

58 1894 214 1957 Fontibus
237 1905 361 1956 emanet
383 1893 467 1958 nivei
489 1898 573 1959 bona
596 1895 688 1978 copia
710 1896 821 1974 lactis,

120 1995 247 2058 Fundat
268 1996 395 2059 odorati
415 1998 531 2078 pocula
553 2008 640 2060 terra
663 1997 760 2072 meri,

57 2096 101 2161 Ut
122 2096 246 2160 cineres
268 2099 404 2160 habeant
426 2121 491 2182 qim
509 2099 709 2162 'delectentur
731 2111 762 2162 et
784 2121 876 2175 ossa,

119 2198 155 2261 Si
177 2199 252 2284 quid
272 2199 363 2262 dulce
385 2212 487 2263 tanuen
512 2202 665 2265 Manibus
687 2222 756 2265 esse
778 2213 904 2284 potest:

57 2301 88 2366 Ο
115 2299 167 2363 cni
189 2321 264 2367 cara
288 2301 349 2365 tuit
370 2324 496 2384 semper
518 2304 585 2383 lyra
609 2304 737 2387 vitaque
760 2325 884 2370 amores
914 2376 917 2385 ¹

119 2404 211 2468 Inter
233 2414 265 2468 et
287 2416 422 2490 argutos
446 2405 603 2470 velificata
619 2408 749 2471 modosl

591 2593 646 2658 39.
672 2614 676 2621 ·

55 2710 120 2794 Qui
142 2708 259 2772 transis
279 2709 332 2771 hic
352 2715 472 2795 hospes
495 2711 711 2778 Anacreionta
732 2694 909 2796 sepultum,

119 2815 234 2880 Sitibi
255 2817 330 2900 quid
353 2828 478 2901 gratum
501 2816 616 2899 pagina
639 2826 748 2878 nostra
771 2814 874 2877 dedit:

52 2918 125 2994 Da,
149 2938 255 3004 rogo,
280 2940 361 3002 qrtae
382 2918 481 2982 cineri
502 2919 646 2999 placeant
668 2918 816 2980 libamina
838 2927 972 2994 nostro,

119 3023 164 3084 Et
186 3041 253 3083 mea
276 3023 422 3084 Lenaeus
444 3021 573 3102 proluat
596 3039 669 3084 ossa
693 3018 819 3103 liquor:

53 3122 200 3188 Auribus
222 3135 256 3187 ut
278 3123 377 3186 teneri
403 3144 468 3185 vox
489 3142 615 3204 semper
637 3133 730 3204 grata
754 3119 876 3200 Lyaei,

121 3225 185 3304 Qui
206 3225 295 3307 dapis
317 3237 349 3287 et
370 3226 486 3289 Musae
509 3245 611 3305 nuper
633 3224 777 3284 alumnus
801 3242 907 3299 eram,
1022 3295 1026 3300 y
1064 3296 1067 3305 y

53 3328 149 3392 Haec
170 3347 300 3410 quoque
323 3348 386 3390 non
408 3327 542 3389 tolerem
565 3324 648 3387 dulci
670 3324 738 3386 sine
759 3344 887 3387 munere
910 3308 1030 3386 Bacchi

119 3423 402 3508 Humano'generi
424 3422 528 3486 debita
552 3433 641 3485 vasta
662 3420 748 3486 loca.

490 3576 493 3581 ’
589 3608 644 3672 to.

54 3733 195 3796 Tantrrm
219 3729 302 3796 victa
323 3741 397 3794 tuae
419 3729 550 3815 quaevis
573 3730 681 3809 chelys
703 3728 800 3791 altera
823 3725 924 3803 cedit,

121 3822 282 3911 Quantum
305 3853 346 3895 ex
368 3832 516 3896 hinnuleo
538 3832 615 3895 tibia
637 3833 723 3894 facta
745 3831 853 3893 tubae.
921 3874 925 3881 s

53 3936 129 4001 Nec
148 3933 270 3997 frustra
292 3934 323 3997 in
344 3933 461 4001 teneris
483 3953 615 3997 examen
638 3933 729 3994 dulce
751 3929 895 4008 labellis,

120 4034 212 4099 Sedit
235 4046 267 4098 et
288 4036 415 4111 affudit,
440 4035 599 4112 Pindaro,
623 4034 713 4098 mella
736 4033 805 4096 tibi.
1090 4114 1093 4117 Ι
1188 4098 1191 4103 ,

55 4136 223 4221 Corniger
244 4137 403 4201 Arcadiae
424 4137 513 4200 testis
534 4138 646 4212 Deus,
670 4135 697 4199 is
719 4146 772 4198 tua
795 4153 930 4219 namque
990 4198 994 4203 ,
1155 4133 1175 4195 5

82 4306 91 4314 ,
120 4237 267 4305 Carmina
291 4238 443 4322 depositis
464 4250 572 4301 cantat
592 4236 810 4306 arrandinibus.
856 4302 859 4308 ,
