2772 4750
287 954 329 1028 C.
364 952 613 1028 VALERII
655 952 916 1029 CATULLI

143 1135 526 1202 EPITHALAMIUM
550 1137 692 1201 PELEI
714 1138 776 1201 ET
801 1098 1052 1201 THETIDOS.

102 1516 238 1581 Peliaco
258 1519 419 1601 quondam
437 1528 616 1599 prognatae
638 1516 758 1580 vertice
779 1515 872 1599 pinus

38 1618 200 1684 Dicuntur
220 1617 359 1702 liquidas
376 1618 519 1700 Neptuni
537 1640 627 1682 nasse
648 1641 708 1700 per
728 1623 826 1682 undas

39 1721 202 1786 Phasidos
220 1723 260 1782 ad
282 1721 397 1782 fluctus
415 1732 446 1782 ct
466 1720 538 1783 finis
557 1723 737 1786 Aeetaeos:

39 1825 148 1903 Quom
171 1821 248 1886 lecti
269 1823 416 1897 iuvenes,
439 1823 584 1907 Argivae
606 1825 730 1887 robora
749 1821 860 1906 pubis,

37 1927 194 1988 Auratam
220 1935 367 2005 optantes
386 1923 520 1988 Colchis
542 1937 688 1988 avertere
707 1925 823 2008 pellem

40 2026 125 2090 Ausi
148 2036 221 2089 sunt
241 2029 322 2087 vada
340 2025 421 2088 salsa
443 2025 507 2089 cita
526 2029 698 2090 decurrere
720 2025 838 2109 puppi,

38 2127 178 2192 Caerula
201 2139 369 2191 verrentes
390 2127 534 2211 abiegnis
554 2150 696 2213 aequora
717 2128 850 2211 palmist

36 2230 123 2294 Diva
148 2228 279 2315 quibus,
302 2229 441 2293 retinens
463 2229 496 2292 in
519 2229 648 2294 summis
669 2231 803 2294 urbibus
825 2229 924 2306 arcis,

36 2333 113 2414 Ipsa
137 2331 201 2395 levi
222 2330 303 2395 iecit
324 2332 511 2396 volitantem
533 2331 660 2395 flamine
684 2355 830 2408 currum,

36 2435 138 2500 Pinea
162 2433 359 2517 coniungens
376 2434 511 2498 inflexae
532 2445 619 2497 texta
643 2434 781 2499 carinae.

35 2537 96 2599 Illa
119 2540 232 2599 rudem
256 2559 349 2600 cursu
372 2536 476 2619 prima
499 2536 613 2599 imbuit
635 2537 867 2620 Amphitriten.

35 2640 127 2718 Quae
151 2638 246 2701 simul
269 2662 306 2702 ac
328 2651 439 2704 rostro
462 2649 629 2703 ventosum
648 2639 808 2722 proscidit
829 2663 951 2727 aequor

36 2745 206 2827 Tortaque
225 2740 365 2826 remigio
384 2740 504 2824 spumis
524 2741 666 2806 incanuit
689 2746 789 2819 unda,

85 2925 130 2979 (In
149 2925 252 2979 repetita
270 2924 313 2969 hac
325 2924 370 2970 Ed.
385 2925 509 2979 consului,
529 2938 587 2983 quas
601 2926 668 2970 tunice
683 2939 745 2969 nunc
757 2924 859 2981 licebat,
879 2926 967 2985 suligit
987 2924 1063 2995 [cuius
1074 2933 1151 2973 tamen

32 2993 144 3049 Epistola
162 2994 249 3039 critica
267 2994 344 3053 carui]
364 3000 388 3039 et
404 2994 549 3039 Lachmanni
568 3008 638 3038 curas
648 3027 656 3049 ,
676 3000 799 3052 utramque
818 3009 874 3040 sane
887 2997 910 3040 in
924 3010 967 3040 suo
980 3011 1068 3055 genero
1080 3012 1152 3053 prae·

32 3069 153 3117 stantem,
187 3068 211 3106 et
229 3077 258 3108 ex
277 3064 362 3121 quibus
381 3064 494 3108 nonnulla
513 3066 639 3108 emendare
658 3065 739 3119 potui,
767 3065 810 3109 sed
833 3066 866 3109 ita
889 3070 967 3110 tamen
986 3072 1151 3122 comparatas,

33 3138 58 3176 ut
75 3134 150 3178 crisis
171 3131 311 3177 difficillima
335 3134 404 3176 huius
429 3136 513 3189 po‘e'tae
533 3135 636 3177 nondum
654 3135 686 3177 sit
703 3134 822 3178 absoluta.
859 3134 942 3192 Longe
962 3136 1025 3179 enim
1044 3136 1152 3189 pluribus

32 3217 44 3246 e
64 3202 213 3255 Codicibus,
234 3216 304 3259 qnam
323 3216 383 3260 quos
400 3202 565 3247 Lachmannus
584 3204 718 3255 consuluit,
739 3199 767 3246 ed
785 3199 822 3246 vil
840 3216 867 3246 ac
885 3205 989 3258 ratione,
1010 3218 1079 3261 quam
1092 3205 1152 3248 San·

32 3274 112 3316 lenius
133 3273 258 3329 ingressus
277 3277 342 3326 erat,
373 3274 450 3328 magis
469 3277 546 3316 tamen
566 3273 668 3316 devitato
685 3272 765 3315 fallaci
784 3273 975 3316 coniecturarum
992 3274 1150 3330 adminiculo,

31 3343 59 3384 ad
79 3341 152 3385 unius
170 3341 235 3384 illius
254 3335 436 3410 ἀρχετύπου,
458 3356 470 3385 e
489 3355 536 3398 quo
549 3342 611 3385 ducti
624 3346 679 3385 sunt
691 3354 773 3384 omnes
785 3341 887 3387 Codices
900 3356 962 3385 nunc
975 3346 1034 3398 noti,
1048 3343 1153 3388 formam

32 3411 220 3464 perveniendum
239 3412 303 3463 erit,
331 3425 374 3455 nce
398 3408 497 3454 confieri
521 3424 561 3454 res
580 3404 618 3455 hic
636 3415 715 3465 potest
733 3410 804 3454 mutis
823 3413 886 3456 notis
904 3412 955 3456 sive
972 3412 1064 3472 siglis,
1094 3427 1152 3471 quas

32 3481 134 3534 dicunt,
167 3485 192 3524 ut
210 3479 346 3525 Theotiseis
365 3479 388 3523 in
407 3481 540 3536 podrnatis3
570 3480 635 3524 clare
659 3481 802 3537 loquendum
826 3487 871 3526 est.
910 3482 977 3538 Quod
996 3484 1091 3539 quidem
1109 3498 1152 3527 cur

30 3551 191 3608 dedignemur
208 3563 253 3593 nos
271 3546 445 3613 φιλόλογοι,
464 3550 561 3593 minime
580 3547 672 3604 video.)

282 3673 536 3718 EPITHALAMIUM
553 3672 650 3717 PELEI
669 3673 713 3717 ET
731 3673 906 3719 Thurinos,

83 3760 111 3807 1.
131 3761 188 3816 „Ad
206 3759 307 3814 Pelion,
328 3762 468 3806 Thessaliae
487 3766 608 3815 montem,
627 3759 749 3805 aedificata
769 3766 805 3805 est
821 3762 915 3821 Argo.’'
931 3762 997 3808 Mur.
1045 3760 1069 3809 3.
1090 3765 1107 3809 i.
1127 3779 1150 3810 e.

29 3832 188 3884 Colchidern‚
209 3830 248 3874 ubi
264 3831 380 3888 regnabat
395 3832 492 3875 Aeetes.
538 3828 563 3875 l.
582 3831 644 3875 laeti
665 3831 741 3875 Codd.
761 3830 806 3875 Ed.
824 3845 863 3887 pr.
909 3831 945 3876 lb.
964 3832 1056 3891 puppis
1074 3834 1150 3879 Codd.

554 3895 561 3910 ἱ

29 3903 86 3959 aliq.
138 3897 163 3943 8.
189 3902 313 3954 Minimus,
342 3896 518 3961 πολιοῦχός,
546 3897 740 4013 εὲὶυσίπτολις.
788 3899 828 3945 11.
850 3898 932 3958 prorui
955 3903 1028 3946 Voss.
1053 3917 1065 3947 e
1088 3903 1149 3946 Cod.

31 3968 70 4015 13.
86 3975 202 4028 tortaque
216 3971 286 4013 Statii
301 3972 412 4024 emend,
436 3984 495 4027 quae
511 3984 554 4013 eon
574 3977 665 4013 rmatur
683 3971 736 4014 Silii
754 3971 885 4015 imitatione
900 3968 928 4026 7,
944 3967 1003 4015 412,
1023 3969 1059 4014 Ae
1071 3975 1151 4015 tortus

29 4040 108 4084 multo
135 4040 269 4094 spumabat
292 4041 389 4099 remige
409 4046 519 4097 pontus,
551 4053 623 4097 quom
647 4040 759 4097 trepidae
777 4037 888 4100 fremitu
913 4040 999 4085 uitreis
1017 4054 1030 4081 e
1049 4037 1151 4083 sedibus

28 4110 100 4154 antri
111 4108 256 4167 Aequoreue
271 4111 366 4168 pelago
384 4110 461 4153 simul
479 4122 603 4152 emersere
621 4122 733 4154 sorores.
756 4131 785 4143 ·-
805 4116 901 4168 totaque
914 4110 976 4152 Mss.
992 4108 1058 4151 Aldd.
1077 4108 1149 4165 Ging.

28 4179 66 4224 lb.
86 4177 220 4224 incanduit
238 4179 300 4224 Mas.
321 4180 381 4224 Stat.
398 4180 473 4223 Doer.
492 4178 565 4237 Ging.
585 4203 618 4212 —
636 4178 816 4223 incandescere
833 4184 910 4223 tamen
928 4181 1055 4230 usurpatur
1071 4178 1150 4231 potius

29 4250 56 4293 de
73 4248 178 4293 flammis
193 4254 263 4307 alque
281 4253 358 4295 aestu.
382 4273 411 4283 -
429 4246 545 4307 Aequora
563 4261 628 4294 cana
647 4250 707 4294 dixit
724 4249 815 4294 Ennius
828 4263 852 4304 p.
869 4238 927 4291 1³2.
947 4247 1017 4291 Hess.
