2772 4750
8 325 174 390 Pristina
193 327 339 392 maiestas
361 327 518 393 soliorum
541 339 571 392 et
590 338 717 410 sceptra
738 329 896 407 superbam

6 431 66 492 Et
93 430 212 513 capitis
235 431 347 493 summi
369 431 570 516 praeclarum
593 428 717 513 insigne
740 439 905 492 cruentum

9 531 94 593 Sub
117 531 254 613 pedibus
277 531 369 616 volgi
389 553 538 613 magnum
556 531 687 614 lugebat
708 534 886 597 honorem:

7 634 114 719 Nam
138 633 254 715 cupide
277 632 486 697 conculcatur
506 632 599 696 nimis
619 645 690 697 ante
712 644 877 698 metutum.

91 740 164 801 Res
186 736 294 819 itaque
321 738 362 798 ad
382 757 532 798 suminam
555 736 677 799 faecem
696 739 869 821 turbasque
892 739 1034 814 redibat,
1067 740 1150 801 1110

7 838 209 921 Imperium
229 836 291 900 sibi
314 859 412 922 quom
433 859 470 900 ae
493 850 679 901 summatum
702 838 837 924 quisque
859 843 1000 922 petebat.

8 944 110 1005 Inde
130 938 353 1025 magistratum
373 939 489 1022 partim
513 943 653 1004 docuere
674 963 785 1005 creare

8 1046 173 1128 luraque
195 1041 412 1117 constituere,
435 1054 469 1105 ut
492 1043 609 1106 vellent
628 1043 756 1128 legibus
776 1044 835 1106 uti.

9 1148 115 1209 Nam
139 1166 239 1228 genus
261 1146 431 1207 humanum
454 1145 610 1209 defessum
634 1145 665 1208 vi
688 1147 798 1210 colere
817 1168 930 1210 aevom

11 1251 78 1312 Ex
108 1246 288 1311 inimicitiis
310 1248 499 1331 languebat3
522 1269 588 1329 quo
611 1248 712 1332 magis
731 1248 835 1330 ipsum
1071 1251 1150 1312 1115

12 1353 158 1432 Sponte
181 1371 236 1411 sua
259 1349 374 1414 cecidit
392 1353 450 1412 suls
472 1351 561 1433 leges
584 1363 715 1435 artaque
734 1352 817 1415 iura.
875 1360 878 1367 “

13 1451 154 1516 Acrius
179 1474 221 1514 ex
243 1450 292 1513 ira
310 1455 398 1537 quod
418 1452 500 1515 enim
524 1474 556 1515 se
579 1452 714 1539 quisquc
735 1456 869 1535 parabat

13 1552 175 1629 Ulcisci,
197 1577 291 1638 quam
313 1576 395 1617 nunc
417 1568 634 1619 concessumst
656 1554 781 1639 legibus
803 1556 931 1641 aequis,

14 1660 128 1720 Hanc
152 1658 196 1719 ob
218 1678 287 1720 rem
309 1667 357 1720 est
375 1656 520 1720 homines
546 1669 726 1739 pertaesum
748 1657 782 1720 vi
805 1658 913 1721 colere
938 1680 1064 1723 aevom.

15 1761 113 1823 Inde
137 1769 238 1821 metus
260 1759 397 1821 maculat
417 1780 593 1841 poenarum
613 1759 754 1841 praemia
777 1760 874 1824 vitae.
1069 1763 1154 1824 1150

17 1860 249 1937 Circumretit
270 1862 352 1924 euim
372 1859 423 1924 vis
442 1873 536 1946 atque
558 1860 674 1924 iniuria
692 1884 850 1948 quemque

17 1966 164 2048 Atque,
187 1965 269 2026 unde
291 1973 452 2039 exortast,
475 1965 606 2027 adeum
630 1964 817 2050 plerumque
837 1964 995 2038 revortit3

17 2070 106 2130 Nec
128 2065 255 2130 facilest
276 2065 434 2147 placidam
457 2089 495 2128 ac
513 2078 658 2147 pacatam
676 2069 794 2150 degere
816 2065 929 2142 vitam,

19 2169 99 2249 Qui
122 2168 224 2231 violat
246 2167 343 2231 factis
365 2167 544 2232 communia
567 2169 701 2232 foedera
720 2167 823 2251 pacis.

19 2271 108 2336 Etsi
130 2270 213 2334 saliit
234 2270 317 2333 enim
341 2271 450 2333 divdm
471 2292 570 2354 genus
590 2272 840 2356 humanumque,
1073 2274 1153 2335 1155

20 2378 202 2456 Perpetuo
224 2383 329 2437 tamen
351 2373 385 2436 id
404 2372 478 2436 sore
500 2373 580 2436 clam
604 2373 745 2436 diffidere
769 2377 883 2437 debet:

22 2475 168 2558 Quippe
187 2475 243 2537 ubi
265 2498 299 2538 se
322 2475 431 2538 multei
449 2496 508 2557 per
527 2474 650 2538 somnia
671 2498 765 2559 saepe
789 2477 956 2561 loquentes

21 2582 103 2643 Aut
123 2580 242 2641 morbo
266 2576 436 2640 delirantes
457 2565 614 2659 protraxe
639 2579 783 2641 serantur

22 2684 74 2746 Et
100 2680 202 2742 celata
221 2678 275 2742 diu
296 2678 328 2742 in
351 2679 490 2743 medium
508 2691 640 2761 peccata
660 2680 798 2744 dedisse.

98 2786 196 2846 Nunc
215 2803 297 2868 quae
312 2804 422 2846 caussa
437 2786 530 2849 desim
547 2771 606 2864 per
627 2805 758 2866 magnas
773 2783 897 2847 numina
916 2784 1039 2868 genteis
1072 2786 1154 2845 libb

25 2884 249 2969 Pervolgarit
270 2895 301 2947 et
322 2907 448 2947 ararum
472 2884 685 2967 compleverit
705 2885 813 2948 urbeis

26 2987 311 3072 Suscipiendaque
331 2987 452 3049 curarit
471 2986 635 3050 sollemnia
657 3010 765 3063 sacra,

27 3092 126 3171 Quae
151 3110 235 3153 nunc
256 3087 289 3152 in
309 3087 432 3173 magnis
454 3088 572 3153 florent
595 3101 675 3153 stata
698 3090 787 3153 rebu’
809 3090 974 3177 locisque:

26 3273 160 3320 stantium.
200 3269 276 3317 titt.
288 3272 388 3317 sineere
398 3270 686 3327 Codd.(etiatnE.)Edd.
699 3277 758 3318 vett.
772 3272 1063 3333 UnusC0d:-·oigere.
1075 3275 1155 3319 Voss:
1182 3286 1185 3291 ’
1255 3306 1257 3313 ·

27 3367 63 3379 -·-
84 3343 219 3402 adgerere
235 3343 360 3398 prob.W.
383 3363 412 3374 -
433 3343 457 3387 oi
472 3343 555 3386 colere
576 3347 602 3387 ut
621 3357 645 3387 v.
661 3340 778 3388 iiim.
791 3342 836 3386 Ar.
849 3343 878 3386 tt.
900 3366 932 3376 ·-
951 3341 985 3397 (oi
999 3348 1081 3386 terere
1100 3341 1158 3397 W.)

30 3410 113 3458 1150.
134 3410 200 3456 unde
218 3413 249 3456 Α.
262 3412 293 3458 L.
306 3411 338 3457 Η.
382 3409 458 3457 1155.
478 3408 661 3471 ternariumque
677 3414 720 3457 W.
737 3412 874 3458 coniectura
890 3412 964 3457 inani.
1004 3408 1079 3457 1158.
1097 3425 1157 3469 pro-

28 3488 111 3527 traxe
127 3481 205 3525 Codd.
225 3482 286 3527 Edd.
304 3485 363 3526 vett.
379 3481 411 3525 A.
433 3503 462 3513 -
479 3494 616 3540 progr-axe
633 3482 678 3525 As.
698 3503 732 3515 -
750 3496 883 3539 proercxe
903 3496 918 3525 a
936 3475 1048 3550 κράζω,
1068 3483 1089 3525 11
1105 3482 1157 3525 Diis

27 3555 127 3607 placet,
145 3550 175 3595 1..
189 3552 219 3594 11.
258 3547 335 3595 1163.
350 3548 446 3611 florent
462 3565 540 3595 encra
557 3551 632 3595 redae
650 3551 761 3610 locisque
780 3552 855 3596 Codd.
870 3550 932 3595 Edd.
946 3555 1006 3598 vett.
1024 3550 1056 3595 A.
1076 3551 1104 3595 1..
1126 3551 1157 3595 11.

28 3622 75 3668 W.
97 3621 123 3664 in
142 3620 229 3677 quibus
248 3633 394 3679 magnopere
419 3621 518 3665 offendit
541 3622 634 3679 ingrata
657 3621 772 3676 repetitio
793 3621 903 3664 vocabuli
926 3620 1018 3677 suern,
1047 3622 1158 3675 diversa,

23 3690 381 3755 ε1111111111111111151111111,
406 3691 497 3745 primae
516 3690 622 3744 syllabae
641 3692 783 3748 quantitate.
814 3691 889 3734 Deest
907 3703 984 3751 aaran
1002 3703 1041 3744 ap.
1063 3689 1108 3734 Aa.
1127 3690 1158 3737 P.

23 3765 127 3804 “orent
145 3758 268 3817 rebusque
286 3759 407 3817 locisque.
436 3760 487 3804 Nos
513 3761 541 3804 de
565 3761 664 3815 propria
688 3761 752 3803 coni.
777 3760 947 3816 rescripsimus
968 3765 1044 3804 stote.
1073 3760 1158 3818 Pinag.

30 3832 132 3893 quidem
153 3833 177 3872 et
193 3827 269 3873 Forb.
289 3842 367 3873 meam
384 3832 449 3874 coni.
468 3831 614 3876 reiecerunt.
644 3830 690 3874 Sed
709 3830 806 3873 omnino
824 3831 886 3874 mira
900 3835 1027 3886 paupertas
1041 3832 1161 3875 sermonis

31 3898 141 3947 laestin
159 3900 243 3956 vulp,
271 3900 364 3944 utrovis
383 3901 453 3942 niodo
472 3904 618 3944 construas:
649 3899 796 3952 „sollemnia
816 3913 903 3954 sarra,
932 3913 993 3957 quae
1011 3912 1080 3943 sacra
1098 3913 1161 3945 nuuc

31 3968 124 4017 florent
142 3968 167 4012 in
186 3970 278 4026 magnis
297 3968 370 4013 rebus
388 3969 490 4023 publicis
509 3973 579 4025 atque
598 3969 733 4014 urbibus'’:
753 3971 792 4027 qui
808 3974 845 4014 est
858 3983 939 4014 sermo
950 3982 1017 4013 mere
1030 3969 1159 4024 pedestris,

33 4042 102 4087 eive:
123 4050 227 4091 „sacra,
248 4053 308 4096 quae
328 4051 389 4082 nunc
408 4039 432 4082 in
450 4040 543 4097 anagnis
562 4039 697 4088 ciritatibns
715 4039 890 4084 florent-sacra
909 4031 1020 4094 ὅνια”;
1046 4039 1162 4082 intolera-

33 4102 79 4153 tiu
98 4110 249 4161 pleonasmo.
286 4107 324 4152 Eo
349 4113 429 4152 autem
456 4109 532 4166 inagis
556 4109 615 4152 mihi
633 4123 775 4165 persuasum
794 4113 830 4153 est
847 4110 923 4164 ipsam
942 4107 1049 4152 Lucretii
1067 4120 1164 4155 ananum

34 4188 106 4225 ame
125 4178 265 4221 restitutam
284 4191 353 4224 1111.
383 4176 446 4235 qaod
465 4178 552 4236 ubique
571 4179 631 4223 hanc
649 4179 844 4223 consuetudinem
864 4176 975 4235 loquendi
994 4176 1108 4231 reperio,
1138 4181 1164 4221 ut

35 4244 167 4304 iungantur
184 4247 319 4292 sollemnia
337 4253 362 4293 et
379 4251 446 4292 stata
464 4261 552 4296 sacra.
571 4247 658 4294 Cicero
677 4249 777 4293 Tuscul.
793 4245 825 4302 1,
842 4244 885 4292 11.
903 4238 1022 4292 sollemne
1035 4250 1059 4292 et
1070 4250 1170 4292 uotum.
