2750 4744
476 854 520 926 P.
559 851 800 927 ΡΑΡΙΝΙΙ
838 849 1046 928 Statu

568 1024 817 1090 SILVARUM
845 1025 892 1090 V.
916 1027 948 1087 l.

656 1218 879 1235 m

631 1367 689 1433 Ad
709 1371 888 1434 Somnum.

246 1524 389 1594 Crimine
411 1546 477 1610 quo
499 1525 624 1602 merui,
646 1523 770 1589 iuvenis
793 1524 1002 1609 placidissime
1025 1524 1152 1599 dictim,

205 1629 322 1710 Quove
344 1648 457 1693 errore
479 1627 593 1705 miser,
617 1627 708 1691 donis
731 1639 767 1690 ut
787 1628 876 1692 solus
898 1647 1048 1711 egerem,

205 1732 342 1807 Somne,
365 1729 453 1793 tuis?
476 1732 578 1793 'facet
601 1749 694 1794 omne
715 1750 813 1814 pecus
837 1729 1051 1812 volucresque
1072 1728 1235 1812 seraeque,

205 1833 250 1895 Et
271 1829 417 1896 simulant
437 1831 540 1896 sessos
562 1842 696 1895 curvata
717 1830 880 1895 cacumina
902 1851 1044 1894 somnos.

205 1935 277 1998 Nec
297 1930 440 1997 trucibus
462 1933 568 1997 fluviis
589 1933 670 1996 idem
693 1955 812 2009 sonus;
836 1932 953 1996 occidit
975 1930 1097 1996 horror
1284 1929 1297 1989 5

204 2033 369 2119 Aequoris
391 2046 423 2099 et
444 2035 538 2098 terris
560 2035 659 2098 maria
681 2035 836 2098 adclinata
858 2034 1038 2118 quiescunt.

205 2135 347 2220 Septima
368 2136 429 2200 iam
450 2135 577 2199 rediens
599 2137 734 2200 Phoebe
758 2135 834 2199 mihi
854 2133 985 2217 respicit
1006 2133 1119 2219 aegra's

206 2240 299 2302 Stare
321 2259 441 2322 genaa3
463 2238 596 2302 totidem
622 2237 763 2302 Oetaeae
785 2224 993 2320 Paphiaeque
1014 2234 1156 2300 revisunt

205 2341 387 2422 Lampades
408 2350 440 2403 et
461 2339 556 2404 toties
578 2350 708 2413 nostros
732 2338 885 2404 Tithonia
909 2349 1039 2420 questus

206 2439 367 2505 Praeterit
388 2452 420 2503 et
443 2441 548 2525 gelido
571 2441 696 2526 spargit
718 2441 866 2506 miserata
886 2440 1029 2525 flagello.

206 2543 299 2608 Unde
321 2562 385 2625 ego
407 2541 582 2606 sufficiam?
603 2528 717 2609 nonsi
740 2543 814 2608 mihi
836 2542 952 2607 lumina
975 2541 1074 2618 mille,

207 2644 298 2724 Quae
320 2664 411 2707 sacer
433 2645 552 2709 alterna
574 2657 694 2709 tantum
717 2644 854 2710 statione
876 2646 1004 2708 tenebat

207 2745 320 2829 Argus
343 2756 376 2808 et
397 2746 482 2809 haud
502 2768 638 2832 unquam
662 2745 817 2832 vigilabat
839 2766 981 2828 corpore
1003 2757 1090 2823 toto.

206 2848 251 2913 Et
273 2867 356 2909 nunc
376 2847 447 2913 sors
470 2847 581 2933 aliquis
603 2849 702 2931 longa
725 2849 785 2911 sub
808 2860 903 2913 nocte
925 2849 1050 2931 puellae

206 2948 344 3012 Brachia
367 2969 448 3012 nexa
470 2961 581 3014 terrena
603 2950 689 3014 ultro
712 2961 762 3026 te,
787 2951 923 3027 Somne,
948 2949 1087 3032 repellit.
1272 2946 1302 3007 15

207 3051 287 3114 Inde
309 3050 402 3126 veni3
425 3063 537 3115 necte
560 3061 646 3116 totas
667 3051 834 3115 infundere
857 3072 975 3134 pennas

207 3153 397 3218 Luminibus
419 3155 578 3237 compello
602 3153 702 3228 meis;
727 3188 769 3203 -··
789 3155 853 3219 hoc
874 3156 968 3216 turha
991 3165 1140 3235 precetur

206 3254 342 3318 Laetior
363 3267 570 3320 -extremo
594 3278 643 3320 me
665 3267 761 3339 tange
784 3256 946 3318 cacumine
969 3254 1105 3339 virgae,
1130 3285 1170 3303 *-

209 3354 332 3419 Sufficit
353 3389 394 3405 ·-
417 3368 470 3420 aut
491 3357 607 3422 leviter
628 3377 784 3439 suspenso
806 3357 928 3439 poplite
951 3357 1061 3420 transi.

611 3586 718 3634 sterit
737 3585 819 3632 stLv.
839 3587 871 3631 V.
892 3583 916 3629 4.

281 3696 305 3741 t.
324 3699 414 3745 hierli.
433 3701 574 3760 distinguit:
593 3701 676 3746 Μαί
692 3701 805 3756 iuvenis,
819 3699 1008 3758 placidissima.
1045 3702 1093 3746 Sed
1114 3713 1153 3744 vv.
1171 3696 1262 3744 incenis
1277 3717 1306 3732 ··

207 3765 288 3810 mim
315 3768 381 3811 nullo
404 3773 472 3822 pacto
497 3773 591 3816 coeunt.
641 3768 666 3816 8.
694 3768 814 3827 ossam]
834 3769 923 3815 Getull.
944 3767 995 3825 62,
1016 3766 1041 3815 l.
1077 3768 1203 3816 Nimirum
1220 3764 1308 3810 Oetaeos

207 3833 316 3880 ostendit
332 3833 462 3893 Hesperus
480 3837 574 3898 ignem
603 3837 633 3882 rh
652 3839 714 3887 Oeta
730 3841 803 3884 veluti
825 3839 917 3904 orp‘ena.
960 3835 1073 3895 Paphias
1088 3853 1164 3893 vero,
1184 3837 1236 3894 quia
1252 3832 1308 3878 chi·

206 3904 246 3949 ἔοι·
270 3905 373 3949 Veneris
400 3906 479 3953 stella.
527 3908 606 3966 Magis
624 3914 704 3956 rutnm
724 3913 870 3963 nocturnae,
902 3922 962 3965 qnae
983 3909 1148 3963 desideratur,
1178 3904 1249 3963 quieti
1264 3914 1308 3946 con·

208 3976 349 4020 aenlsnenm
379 3975 490 4028 est,.h.
511 3977 546 4030 1.,
575 3981 601 4019 ut
620 3979 680 4031 apud
708 3978 845 4031 Catullum,
876 3968 990 4025 Oetaeus
1009 3978 1130 4032 lampades
1150 3978 1178 4021 de
1201 3976 1307 4028 Hespero.

207 4041 312 4094 Paphius
336 4044 365 4085 de
383 4042 495 4087 Lucifero
513 4044 668 4100 intelligere,
699 4057 771 4100 qnam
793 4047 939 4092 contrariam
960 4047 1080 4093 rationem
1100 4047 1167 4103 sequi
1192 4046 1244 4089 enm
1259 4040 1309 4086 Gro-

208 4108 281 4150 novio
307 4110 336 4153 ad
365 4110 423 4153 Seu.
451 4109 525 4154 Herc.
547 4111 596 4152 fur.
620 4123 642 4152 v.
665 4107 724 4154 132.
773 4112 887 4160 Ceterum
908 4115 999 4161 Marti.
1025 4115 1050 4161 iu
1071 4114 1191 4163 Addendis
1211 4127 1238 4168 p.
1260 4104 1308 4155 iil·

208 4175 273 4217 coni.
291 4183 434 4221 recursant.
473 4174 514 4221 10.
534 4177 568 4222 id.
589 4175 672 4233 tangit
678 4187 689 4227 ,⁰
707 4178 748 4222 sed
763 4180 787 4222 in
807 4181 996 4244 rerboppnrgit
1017 4184 1081 4230 inest
1099 4185 1167 4230 nolio
1188 4182 1250 4226 roris
1269 4188 1309 4222 tnt-

206 4241 286 4286 tuiim'.
335 4240 377 4287 12.
408 4245 514 4289 licius-2
536 4237 608 4298 roser
634 4243 734 4295 alterne
750 4253 823 4292 conte
846 4249 874 4293 ln
901 4257 1019 4300 sectione.
1039 4249 1111 4311 ecfer
1129 4252 1214 4309 prohnt
1233 4246 1309 4294 marti,
