2736 4748
1109 183 1171 250 att

41 336 203 401 Maturus
223 335 331 412 bello,
354 333 528 401 Armeniae
549 334 723 421 Syriaeque
744 336 868 404 tuendis

39 439 206 502 &mnibus
229 450 261 502 et
282 439 403 501 Rheno
422 448 518 523 atque
541 439 640 502 latro.
684 440 857 509 Praestare
879 439 1045 506 Neronem
1088 442 1168 507 'tid

40 541 203 604 Securum
226 540 312 604 valet
333 539 413 602 haec
434 549 535 602 aetas.
579 539 678 605 Mitte
700 539 802 617 ostia,
825 540 968 623 Caesar,
1034 553 1040 585 ·'

40 639 165 704 Mitte:
191 639 299 704 sedin
321 661 437 722 inagna
458 641 598 723 legatum
619 662 739 725 quaere
760 642 911 725 popina..
955 700 961 710 .
992 696 997 709 .
1061 682 1071 711 i

41 741 199 804 Invenies
221 741 328 824 aliquo
350 763 424 804 cum
444 763 638 823 percussore
660 743 835 822 tacentem,
890 754 895 761 ‘
978 766 981 773 ⁴
1034 758 1038 767 '

40 841 249 905 Permixtura
272 841 374 906 nautis
396 853 428 905 ct
449 841 575 906 lucilium
598 862 635 905 oc
655 842 819 929 fugitivis,

40 942 136 1006 Inter
160 941 328 1007 carnifices
350 954 383 1006 et
402 942 516 1008 fabros
538 944 773 1024 sandapilarum

41 1045 88 1108 Et
109 1043 290 1126 resupinati
312 1043 466 1108 cessantia
488 1056 635 1127 tympana
660 1045 763 1110 Galli:
855 1052 859 1055 ’

41 1146 162 1229 Aequa
187 1144 231 1208 ibi
250 1144 401 1221 libertas,
425 1147 602 1210 communia
625 1151 762 1229 pocula,
785 1149 887 1212 lectrss

41 1247 121 1310 Non
145 1245 228 1309 alius
248 1244 397 1329 cuiquam
419 1267 479 1310 nec
501 1268 606 1311 mcusa
627 1248 785 1314 remotior
806 1250 875 1314 ulli.

42 1347 134 1427 Quid
156 1345 255 1412 iacias
277 1347 370 1411 talem
391 1348 545 1424 sortitus,
569 1349 721 1426 Pontice,
746 1353 900 1437 servum?

41 1451 174 1532 Nempe
197 1449 227 1512 in
250 1452 401 1513 Lucanos
422 1462 477 1514 aut
499 1452 605 1514 Tusca
627 1453 788 1536 ergastula
811 1454 929 1518 mittas.
970 1492 974 1503 ‹
1107 1456 1169 1520 181)
1203 1536 1206 1539 ¹

42 1552 89 1615 At
115 1571 197 1625 uos,
220 1551 446 1636 'l'roiugenue,
471 1553 565 1616 vobis
587 1553 754 1637 ignoscitis
776 1565 808 1619 et
830 1576 925 1641 quac,

43 1653 175 1735 Turpia
197 1651 346 1730 cerdoui,
372 1654 514 1718 Volesos
536 1655 737 1739 Brutumque
759 1659 930 1723 decebunt.

42 1755 154 1835 Quid,
179 1753 206 1818 si
227 1777 386 1838 nunquam
407 1757 492 1819 adeo,
509 1755 613 1820 foedis
635 1760 779 1840 adeoque
801 1759 955 1840 pudendis

42 1857 180 1920 Utimur
199 1856 372 1938 exemplis,
397 1867 431 1919 ut
452 1878 517 1921 non
539 1858 650 1940 peiora
670 1859 856 1939 supersint?
1103 1928 1107 1943 ,

43 1957 259 2041 Consumptis
282 1957 397 2041 opibus
419 1979 551 2034 vacem,
576 1959 792 2041 Damasippc,
817 1962 931 2043 locasti
984 2014 987 2021 .
1014 2014 1020 2023 ,
1094 1955 1167 2039 ,185

43 2059 198 2141 Sipario,
223 2059 396 2121 clamosum
418 2079 532 2142 ageres
556 2070 589 2122 ut
611 2061 750 2125 Phasma
773 2060 905 2126 Catulli.

41 2159 247 2223 Laureolum
268 2160 369 2223 velox
389 2159 483 2223 etiam
504 2162 586 2223 bene
608 2162 766 2225 Lentulus
788 2161 872 2245 egit,

28 2261 160 2331 ,Iudice
182 2281 247 2337 me,
272 2259 386 2345 diguus
408 2281 485 2324 vera
507 2281 615 2324 cruce.
660 2264 730 2324 Nec
751 2272 855 2325 tamen
876 2261 939 2345 ipsi

41 2363 207 2448 Ignoscas
227 2362 371 2444 populos
394 2360 509 2445 populi
528 2361 620 2425 lrous
642 2352 753 2426 durior
774 2361 886 2441 huius,
912 2392 915 2401 ·

26 2506 99 2552 AB.
141 2502 200 2550 162.
218 2500 306 2565 Cycne
324 2503 470 2551 tabernaria.
520 2503 579 2551 166.
598 2503 757 2566 resecantur]
774 2505 804 2552 Α.
824 2522 840 2553 a
856 2523 907 2555 sec.
924 2521 957 2553 nr.
975 2509 1026 2558 BD.
1047 2511 1107 2556 G.a
1128 2526 1167 2566 pr.

40 2589 130 2629 manu,
150 2575 229 2629 aptius
250 2588 320 2632 qnam
335 2576 406 2632 vulgo
431 2580 588 2620 resecentur.
624 2576 685 2619 lllnsl
708 2581 761 2622 est:
789 2591 853 2632 „per
877 2592 904 2622 se
926 2582 1066 2623 omittuntur
1087 2577 1169 2625 adulti

40 2648 137 2689 aetate.
175 2644 235 2687 llisc
258 2657 314 2690 sans
340 2643 434 2702 indulge
458 2644 539 2698 pneris
562 2658 590 2689 ea
610 2645 830 2699 committentibus,
858 2660 915 2690 mox
934 2649 999 2691 ultro
1020 2648 1169 2692 relicturis.”

39 2712 202 2761 deserentem
225 2717 323 2766 enema,
351 2712 504 2766 „omittenda
527 2713 615 2765 sout‚'’
644 2716 847 2759 accommodatum
864 2716 958 2773 ridetur
972 2717 1000 2758 art
1020 2729 1071 2772 seq.
1093 2717 1167 2771 impe·

40 2783 162 2826 ratitum.
181 2780 274 2827 turbo:
294 2781 337 2835 ,ia
358 2779 538 2841 barbitondin.'’
556 2780 639 2826 Gloss.
659 2781 776 2826 Eiusiedl.
815 2780 873 2826 168.
892 2783 1063 2842 inscriptaque
1077 2781 1168 2844 linteo]

40 2853 139 2909 pictum
155 2850 234 2893 velum
253 2861 276 2893 s.
295 2849 411 2905 siparium
427 2854 480 2895 ante
499 2850 588 2894 ostium
609 2849 740 2904 tabernae,
769 2850 940 2907 fficrrrmpolii,
969 2865 1106 2906 cauponae,
1126 2866 1169 2907 po·

39 2921 120 2975 picae
148 2930 307 2972 suspensum,
340 2919 429 2977 inquo
451 2924 521 2962 eraut
542 2918 603 2962 tituli
623 2932 707 2962 rerum
727 2919 859 2973 venalium,
888 2921 1040 2965 invitationes
1060 2925 1170 2975 practer·

41 2986 172 3041 cuufiom,
203 2989 275 3032 veluti
294 2987 351 3032 haec
368 2987 477 3045 Lugduni
497 2992 594 3042 roperta
610 2986 746 3045 (luseriplt.
768 2987 822 3035 aar.
845 2987 876 3032 ll.
897 2985 986 3043 1329.)
1022 2986 1168 3033 lllsrourius

40 3054 89 3100 nse
110 3055 210 3099 luorum
226 3056 364 3114 promittit,
383 3055 472 3113 Apollo
490 3058 596 3100 satutem
608 3068 617 3100 :
635 3055 802 3113 Septematrus
820 3053 956 3112 hospitium
975 3071 1030 3100 cum
1045 3055 1170 3113 prandio.

40 3123 99 3185 Qui
116 3125 229 3179 venerit,
248 3125 338 3169 melius
357 3129 447 3179 utetur.
489 3123 565 3178 Post,
584 3122 675 3181 lsospes
699 3122 742 3166 ute
758 3136 876 3177 moneas,
898 3125 1026 3182 prospice.
1064 3125 1099 3168 Ea
1124 3125 1169 3182 igi·

39 3198 87 3238 tor
107 3191 131 3235 in
148 3194 247 3238 taberna
266 3195 318 3237 alsa
338 3193 502 3247 offerebatur,
522 3193 659 3246 iatralipta,
679 3191 824 3246 hospitium,
857 3193 991 3246 prandiam.
1031 3190 1088 3238 173.
1105 3207 1169 3248 per-

40 3260 306 3319 cussors]·„sicario
332 3268 373 3307 aot
400 3261 560 3320 gladiatoress’
591 3261 672 3305 Schol.
723 3256 781 3308 180.
801 3260 884 3304 mittes
902 3261 931 3304 F.
982 3259 1040 3306 182.
1062 3259 1169 3306 Volesos

39 3330 122 3374 ΒΜ.
142 3330 247 3374 Volesos
265 3331 367 3375 Sabiona
384 3335 453 3385 pater
467 3330 497 3375 P.
525 3330 617 3375 Valerii
636 3329 775 3384 Poplicolae
796 3333 820 3373 st
837 3334 920 3372 auctor
943 3331 1022 3387 gentis
1045 3330 1168 3382 Valeriae.

40 3411 120 3457 qnam
139 3412 193 3442 cum
213 3399 284 3444 'l'atin
302 3400 405 3444 llomarn
418 3399 512 3444 venisse
530 3399 603 3443 tradit
619 3398 721 3447 Diooss.
744 3399 799 3442 Hal.
818 3395 844 3451 2,
864 3395 907 3442 16.
957 3396 1016 3442 186.
1036 3401 1122 3442 mimus
1136 3399 1167 3454 Q.

38 3467 138 3512 Lutatii
158 3466 245 3512 Catulli
270 3468 408 3522 Urbicarii,
440 3467 587 3523 compositus
604 3468 633 3510 sd
654 3469 789 3522 exemplum
809 3467 945 3510 Menandri.
990 3463 1047 3511 187.
1068 3467 1171 3518 „Altera

40 3537 139 3582 Catulli
158 3536 238 3581 fabula
262 3537 397 3581 Laureolus
423 3541 489 3591 erat,
513 3538 548 3582 sic
567 3536 687 3579 nominata
705 3549 719 3578 a
741 3537 860 3580 latronam
879 3537 956 3593 duce,
983 3533 1026 3591 qui
1045 3539 1127 3589 captus
1147 3535 1171 3580 ia

40 3618 119 3650 cruce
137 3605 276 3650 necabatur.
296 3605 354 3650 Cir.
379 3605 430 3651 Sat.
455 3602 502 3658 13,
528 3602 587 3647 111.
600 3599 730 3663 fugitiuus
755 3603 792 3662 (h.
812 3606 829 3647 l.
850 3596 937 3663 uelox)
955 3616 1047 3647 scurra
1066 3600 1168 3649 Catulli.

39 3675 181 3728 Lentulos,
201 3688 246 3732 pon
263 3675 461 3733 mimographus,
493 3674 535 3717 sed
551 3672 639 3717 nobilis
655 3679 706 3727 est,
727 3673 798 3717 homo
817 3672 992 3728 perditissimos
1011 3677 1035 3718 st
1057 3671 1171 3717 Laureoli
1203 3706 1207 3713 .

38 3743 159 3788 suoribns
177 3746 247 3799 atque
263 3744 359 3801 ingenio
378 3744 514 3788 simillimus
525 3772 532 3796 ,
554 3746 578 3785 at
598 3743 641 3786 hac
659 3744 687 3788 sle
708 3755 779 3787 causa
800 3742 851 3786 eius
870 3754 998 3795 personam
1017 3741 1077 3785 bene
1098 3754 1171 3798 egeus

38 3811 152 3868 posset.'
177 3812 251 3856 Web.
271 3813 307 3855 Ad
326 3813 387 3856 lanne
406 3813 526 3857 Catullum
542 3810 692 3856 Urbicarium
708 3810 814 3857 retertur
831 3811 952 3855 Martialis
968 3810 1120 3869 Epigramma
1131 3807 1170 3863 (5,

39 3878 102 3934 3⁰.)
126 3878 243 3939 Porro,
281 3878 418 3938 Sophocleo
450 3894 499 3924 uon
524 3877 656 3940 infitiande
683 3876 804 3924 cothurno
826 3877 879 3924 Nec
899 3879 983 3923 minus
1011 3880 1037 3922 iu
1065 3874 1173 3920 Calabro

37 3948 209 4006 suspiciende
233 3950 314 4008 lyra,
344 3947 428 4010 Differ
455 3961 536 4006 opus,
568 3961 613 3991 uec
636 3953 660 3993 ts
676 3943 789 4005 facundi
810 3960 904 3992 scaena
924 3943 1016 3992 Catulli
1035 3945 1170 3997 Detinout,

38 4017 123 4063 cultis
150 4023 194 4062 cut
213 4015 307 4078 Elegio
327 4019 415 4064 comis.
453 4017 504 4064 Sed
519 4019 576 4077 loge
586 4011 691 4075 surnoso
709 4028 759 4060 nors
778 4015 940 4074 aspernanda
961 4012 1099 4077 Decembri·
1112 4008 1172 4053 Cur·

38 4087 138 4145 mina,
158 4086 292 4132 mittuntur
310 4101 375 4145 punc
391 4086 437 4131 tibi
457 4100 542 4131 meuse
560 4098 606 4131 suo
614 4098 626 4143 ,·
653 4082 810 4132 Gomumdius
829 4086 880 4131 uisi
889 4080 962 4143 sorte
979 4082 1026 4126 tibi
1039 4080 1172 4139 potiusque

41 4154 151 4203 ridetur
168 4154 354 4204 saturauimus
368 4154 497 4214 perdere,
519 4153 618 4211 Varro,
638 4169 725 4204 uacca.
