2772 4750
225 174 288 239 108

224 342 243 378 *t
266 330 412 398 Candida
435 347 597 413 purpurea
620 327 730 405 Tyros
747 319 922 387 intinxerat
943 342 1019 397 ora,

224 439 272 501 At
292 454 390 498 roseo
416 431 528 494 niveae
549 426 731 492 residebant
753 425 875 489 vertice
897 423 1013 499 vittae,

227 539 469 620 Aeternumque
492 553 600 594 manus
621 531 796 612 carpebant
813 526 876 591 rite
899 527 1058 591 laborem.

226 642 339 703 Laeva
361 637 468 702 colum
490 632 580 698 molli
601 633 672 695 lana
693 630 852 695 retinebat
870 630 1037 706 amictum,

224 743 369 807 Dextera
391 752 458 802 turu
483 737 598 801 leviter
621 737 779 798 deducens
797 734 851 796 fila
873 732 995 815 supinis

226 846 404 910 Formabat
427 839 554 925 digitis:
580 849 645 900 tum
668 857 775 920 prono
797 836 829 898 in
851 837 972 919 pollice
994 848 1152 922 torquens
1289 837 1341 899 alt

225 947 398 1010 Libratum
418 943 513 1008 tereti
535 945 685 1006 versabat
705 937 835 1003 turbine
857 939 983 1003 fusum:

225 1053 335 1135 Atque
355 1048 400 1110 ita
417 1050 592 1128 decerpens
610 1044 767 1128 aequabat
784 1063 911 1123 semper
932 1063 1014 1124 opus
1036 1045 1130 1121 dens,

226 1155 399 1236 Laneaque
421 1148 553 1212 aridulis
576 1148 751 1209 haerebant
773 1164 881 1208 morsa
899 1144 1040 1223 labellis,

227 1256 316 1335 Quae
338 1251 429 1336 prius
446 1251 479 1313 in
500 1248 563 1314 leni
578 1250 705 1312 fuerant
726 1246 885 1310 exstantia
907 1246 979 1311 filo.

226 1360 312 1421 Ante
332 1357 430 1436 pedes
454 1363 556 1416 autern
579 1349 745 1414 candentis
763 1349 875 1412 mollia
897 1350 987 1413 lanae

225 1458 359 1522 Vellera
382 1454 502 1539 virgati
525 1453 728 1517 custodibant
751 1451 930 1516 calathisci.

225 1565 298 1627 Hae
320 1571 387 1622 tum
410 1556 571 1621 clarisona
592 1556 747 1638 pellentes
771 1555 889 1618 vellera
912 1576 1012 1632 voce,

231 1662 325 1728 Talia
348 1661 458 1724 divino
481 1660 633 1723 fuderunt
653 1655 792 1720 carmine
815 1657 898 1734 sata,

227 1764 398 1841 Carmine,
421 1760 576 1846 perfidiae
597 1762 687 1844 quod
708 1769 784 1840 post
806 1760 892 1822 nulla
914 1773 1028 1845 arguet
1048 1774 1148 1826 aetas.

291 1869 349 1943 „0
372 1870 468 1929 decus
486 1862 637 1928 eximium
660 1859 784 1944 magnis
803 1861 975 1926 virtutibus
997 1885 1135 1948 augens,

147 1984 152 1993 '
225 1969 393 2035 Emathiae
411 1979 550 2030 tutamen
573 1964 663 2046 opis,
687 1961 863 2026 clarissime
885 1976 983 2028 nato:

226 2073 369 2153 Accipe,
393 2073 482 2154 quod
507 2068 588 2131 laeta
610 2066 669 2129 tibi
687 2067 829 2147 pandunt
851 2066 921 2130 luce
939 2090 1072 2133 sorores

225 2171 415 2237 Veridicum
439 2171 600 2243 oraclum3
624 2171 678 2230 sed
701 2187 781 2242 vos,
805 2191 885 2253 quae
904 2170 969 2232 fata
989 2184 1184 2258 sequuntur,

226 2274 357 2341 Currite
381 2277 530 2337 ducentes
551 2269 746 2343 subtemina,
770 2270 906 2347 currite,
930 2273 1006 2336 susi.

289 2374 451 2440 Adveniet
473 2372 534 2436 tibi
552 2372 614 2435 iam
635 2383 769 2455 portans
791 2384 901 2455 optata
920 2375 1043 2439 tnaritis
1234 2360 1241 2371 l
1288 2381 1343 2444 330

226 2654 293 2697 Mur.
308 2653 359 2697 Ast.
375 2652 428 2697 sill.
444 2652 544 2696 hechin.
569 2651 686 2696 Neutrum
700 2665 759 2696 vero
777 2657 814 2697 sat
830 2651 1005 2708 probabilitatis
1021 2654 1100 2698 habet.
1139 2653 1200 2700 3111.
1219 2672 1344 2713 purpureo

227 2728 282 2767 tuoe
300 2723 443 2766 intinxernt
463 2745 493 2756 -
509 2735 537 2777 p.
558 2720 644 2780 Tyros
663 2723 804 2766 intinxernt
822 2746 855 2756 —
869 2736 898 2778 p.
914 2721 1011 2781 Tyriae
1029 2725 1190 2768 extinxerat.
1214 2727 1292 2770 Cndd.
1308 2742 1343 2782 ap.

227 2793 288 2837 sut.
306 2797 330 2836 et
345 2793 409 2836 scal,
429 2791 567 2835 itineraria
582 2792 697 2846 expiscati
717 2796 773 2835 sunt
785 2791 845 2836 Edd.
860 2793 925 2836 nullo
943 2793 1019 2851 edhuc
1037 2806 1159 2838 successu.
1180 2792 1218 2852 (v.
1233 2810 1256 2839 c.
1274 2798 1343 2840 Voss.

225 2861 278 2906 ait.
299 2858 325 2905 (ἶ.
341 2875 370 2917 p.
391 2874 466 2919 quom
479 2859 550 2918 Tyro
568 2860 716 2904 incinxerat
727 2874 782 2903 orn.
803 2859 1008 2919 Tyrosalmnnei
1023 2861 1072 2906 filia
1088 2865 1183 2907 texendi
1198 2866 1344 2919 peritissima

226 2931 316 2983 odyss.
329 2927 359 2983 2,
376 2926 433 2973 120.
454 2928 562 2972 candidu
581 2930 667 2974 dicitur
683 2930 754 2974 etiam
770 2931 899 2985 Propertio
912 2929 942 2985 2,
958 2930 1005 2984 28,
1021 2931 1059 2985 5.)
1076 2933 1217 2978 Sententiae
1232 2940 1344 2989 repugnat

226 3001 326 3045 Guarini
342 3012 435 3055 quoque
453 3000 516 3042 coni.
537 3013 550 3041 a
569 2998 641 3056 Ging.
656 3005 766 3053 recepta:
786 3013 893 3057 quercui
906 3014 929 3044 c.
940 3015 967 3055 p.
982 3002 1047 3045 tutor
1059 3002 1209 3045 incinxerat
1223 3016 1248 3047 o.
1258 3016 1270 3056 ,·
1282 3006 1343 3048 fron·
1368 3028 1369 3047 l

226 3072 267 3114 des
287 3070 350 3114 enim
369 3082 491 3125 quernae,
517 3069 537 3112 si
557 3070 669 3112 candidae
688 3073 756 3122 sunt,
783 3083 902 3123 purpureo
921 3069 996 3113 limbo
1016 3072 1078 3114 talos
1096 3071 1189 3115 anubis-e
1210 3075 1342 3130 neutiquam

224 3144 334 3194 possunt.
366 3139 412 3182 Sed
431 3139 506 3182 satius
525 3142 561 3181 est
579 3141 603 3180 in
623 3138 709 3181 latibus
728 3136 770 3181 e'os
789 3139 893 3192 inuitari,
925 3140 964 3194 qui
983 3152 1052 3198 signa
1072 3144 1155 3184 trttnca
1174 3145 1341 3199 antiquorum,

224 3210 364 3264 tabulasque
383 3221 458 3263 paene
471 3209 582 3251 evanidas
594 3205 699 3251 fideliler
717 3221 778 3252 nunc
797 3208 925 3261 exhibere,
949 3222 1019 3265 quarn
1033 3223 1077 3264 pro
1090 3211 1165 3254 lubitu
1178 3213 1342 3270 redintegrare

224 3278 326 3333 fucoque
345 3277 440 3321 illinere
458 3277 557 3319 uiuunt,
590 3276 754 3320 Lachmannns
773 3278 822 3322 sie:
846 3275 893 3320 His
912 3290 1004 3333 corpue
1022 3280 1156 3322 tremulum
1175 3285 1341 3338 complectens

226 3345 334 3403 undique
352 3346 428 3388 costis
446 3342 559 3387 Candida
569 3358 699 3401 purpurea
712 3348 776 3389 tulos
788 3348 936 3390 incinxerat
948 3361 1003 3391 orn.
1043 3344 1102 3392 311.
1121 3348 1264 3395 Ambrosio
1275 3355 1341 3406 vnlp,

225 3414 290 3458 cond
309 3415 340 3456 At
354 3426 443 3456 roseus
461 3419 547 3457 uertex
568 3416 624 3457 nihil
644 3416 706 3458 alind
726 3415 750 3458 lt.
765 3417 781 3458 l.
796 3416 906 3469 denotat,
927 3418 972 3461 ursi
990 3417 1095 3460 divinum
1108 3420 1284 3475 splendorem,
1304 3436 1342 3479 qno

225 3483 357 3527 Parcarum
375 3484 453 3536 capita
471 3482 609 3540 fulgebaut;
636 3483 762 3541 firsrsatque
782 3485 858 3528 Codd,
879 3487 1007 3529 lectionem
1025 3487 1168 3542 manifesta,
1189 3494 1239 3534 etsi
1259 3494 1306 3534 alia
1324 3494 1341 3535 in

224 3566 266 3605 re,
287 3553 387 3595 imitatio
403 3550 618 3609 vtrg.cuis122.
638 3553 669 3598 At
687 3567 777 3597 roseus
795 3551 1212 3614 rnediofulgebutcerticecrinie.
1235 3561 1341 3604 Ceterum
1368 3566 1369 3619 J

225 3622 253 3665 de
276 3622 395 3678 frequenti
420 3622 559 3665 confusione
584 3623 679 3667 adiectt,
704 3637 794 3667 roseus
818 3629 842 3667 et
866 3625 1009 3667 umbrosius
1032 3639 1055 3668 s.
1075 3625 1186 3671 Oudend.
1210 3631 1242 3672 ad
1261 3631 1340 3685 Appel.
1368 3624 1369 3675 l

225 3702 249 3745 p.
265 3686 329 3743 318,
345 3687 391 3733 311
403 3721 409 3742 ,
425 3688 484 3734 719.
505 3714 537 3724 -
555 3690 656 3735 Anneio
672 3693 730 3736 Ero.
745 3694 851 3736 Schnlzii
864 3696 928 3737 coni.
942 3696 1169 3739 stremnratLacbrn.
1210 3695 1340 3743 dstant-
1368 3720 1369 3749 3

224 3765 291 3802 clem
308 3761 374 3801 Mur.
395 3759 441 3802 cir.
457 3758 614 3814 Proper-hl,
634 3760 719 3816 1,12,
742 3762 923 3807 dextro-colo
941 3760 972 3817 1,
994 3761 1023 3813 2.
1046 3762 1087 3809 19.
1113 3764 1210 3823 Lydo·
1224 3770 1293 3813 coln.
1312 3768 1341 3811 Ab

224 3829 314 3877 incerta
333 3829 473 3871 anctoritate
491 3841 515 3871 v.
532 3832 603 3874 colus
617 3845 692 3889 genus
710 3834 870 3877 rsrasculiorun
888 3834 983 3888 pendet.
1002 3846 1026 3876 v.
1040 3835 1145 3879 Porcell.
1157 3836 1296 3881 Schneider
1308 3841 1341 3883 lat.

224 3895 351 3941 (11.1’.2
367 3910 389 3950 p.
404 3893 446 3940 23,
484 3894 543 3943 315.
563 3903 669 3955 certine,
689 3902 706 3944 i.
721 3916 743 3946 e.
757 3903 888 3947 verticilln.
906 3905 982 3947 ‘Voss-
1021 3900 1080 3948 318.
1100 3905 1205 3957 leni,i.
1228 3921 1251 3950 e.
1273 3910 1340 3952 lento.

224 3968 279 4009 Ald,
293 3965 314 4013 l.
331 3968 405 4009 Voss.
419 3968 492 4011 Web.
513 3991 545 4001 —
564 3969 613 4011 teci
624 3972 677 4017 ΑΜ,
689 3968 714 4013 2.
729 3973 792 4015 Seal.
805 3973 880 4016 Doer.
892 3973 964 4031 Ging.
977 3974 1075 4018 Lichan.
1096 3976 1142 4018 sen
1160 3978 1287 4031 quomodo
1297 3979 1342 4020 ten

223 4034 303 4088 salum,
325 4037 344 4080 si
359 4036 461 4090 primum
473 4037 568 4079 morsis
581 4038 634 4080 lasa
647 4046 743 4084 exstans
757 4043 860 4086 tollenda
873 4041 944 4087 erat?
987 4041 1045 4088 322.
1063 4049 1191 4100 pectentes
1204 4047 1270 4089 Stat.
1283 4048 1340 4092 coni.

219 4106 343 4161 polientes
354 4106 437 4150 Heius.
457 4105 591 4150 Obscurius
604 4108 632 4150 de
648 4109 672 4151 h.
691 4111 707 4152 l.
725 4111 774 4168 egit
786 4112 891 4156 llusehlt.
905 4114 935 4156 ad
948 4113 1005 4158 Tib.
1020 4111 1050 4164 2,
1067 4112 1096 4167 1,
1112 4110 1154 4157 66.
1176 4138 1211 4149 -
1229 4117 1341 4159 callenter

129 4210 134 4217 .
224 4174 312 4227 lleyse.
368 4171 428 4218 323.
447 4173 650 4220 dieieoecodd.
668 4179 742 4222 Voss.
798 4177 857 4224 325.
882 4187 905 4225 et
923 4183 1098 4242 magnisslld.
1117 4181 1142 4226 2.
1163 4185 1243 4228 Codd.
1265 4186 1339 4232 snut.

226 4239 285 4286 326.
304 4240 436 4286 Emathiae
453 4243 568 4286 columen
585 4243 659 4290 Peleu
676 4248 733 4292 ΑΜ.
744 4245 769 4293 2.
783 4260 813 4294 ex
828 4263 852 4295 v.
867 4248 909 4300 26.
930 4249 1064 4298 Emutltioe
1081 4266 1168 4299 nomeu
1181 4268 1195 4298 a
1210 4257 1291 4310 poetis
1302 4269 1340 4312 pre
