2750 4744
195 178 257 249 232

196 340 357 427 Exiguam
380 351 412 403 et
434 338 574 402 modicae
597 346 752 419 sumptam
775 338 814 398 de
838 320 982 418 margine
1005 353 1124 396 coenae

196 447 388 526 Purpureus
410 441 515 526 magni
536 450 679 503 ructaret
701 459 811 501 scurra
835 438 952 518 palati,

197 547 265 610 Iam
288 544 436 627 princeps
460 541 622 627 equitum,
648 562 759 624 magna
783 539 837 622 qui
860 559 943 603 voce
966 538 1091 601 solebat

196 649 348 711 Vendere
371 645 543 727 municipes
563 645 667 706 fracta
691 646 729 705 de
752 661 857 703 meree
880 639 1021 703 siluros?

195 748 308 830 incipe
331 748 496 828 Calliope,
520 747 593 808 lieet
617 757 648 808 et
671 744 858 833 considere:
883 764 945 805 non
969 753 1016 806 est

197 850 414 923 Cantandnm,
438 870 490 911 res
515 868 590 911 vera
613 845 731 931 agitur.
777 848 935 923 Narrate,
960 847 1085 927 puellae

196 952 367 1025 Pierides;
390 951 495 1033 prosit
518 949 593 1011 mihi
616 970 675 1012 vos
699 946 817 1009 dixisse
841 946 981 1028 puellas!
1005 982 1047 993 -
1139 937 1150 945 ⁵

240 1055 346 1134 Quom
368 1052 428 1116 iam
452 1051 654 1114 semanirnum
677 1049 834 1111 laceraret
856 1048 987 1111 Flavius
1012 1052 1124 1112 orbem

198 1156 335 1221 Ultimus
357 1166 388 1217 et
410 1154 505 1216 calvo
528 1149 666 1215 serviret
689 1151 793 1212 Roma
817 1150 957 1226 Neroni,

198 1256 313 1322 lneidit
335 1255 467 1320 Adriaci
490 1253 625 1335 spatium
649 1251 832 1315 admirabile
855 1253 982 1316 rhombi

198 1361 286 1423 Ante
308 1360 435 1420 domum
458 1354 614 1427 Veneris,
638 1374 731 1436 quarn
755 1353 875 1417 Dorica
898 1354 1030 1418 sustinet
1055 1356 1191 1430 Ancon,
1286 1357 1326 1416 10

197 1460 413 1541 implevitque
435 1457 544 1519 sinus:
569 1455 774 1540 nequeenim
799 1459 901 1519 minor
924 1458 1068 1519 haeserat
1089 1457 1172 1532 illis,

201 1561 292 1640 Quos
315 1559 420 1640 operit
442 1557 561 1642 glacies
584 1556 750 1620 Maeotica
772 1569 929 1641 ruptaque
952 1561 1076 1621 tandem
1159 1618 1161 1623 .

200 1661 329 1725 Solibus
353 1660 484 1722 effundit
507 1659 658 1722 torrentis
682 1661 721 1719 ad
743 1659 825 1720 ostia
849 1660 949 1722 Ponti

199 1762 330 1825 Desidia
352 1763 462 1824 tardos
485 1772 517 1823 et
540 1761 640 1843 longo
663 1760 788 1843 frigore
811 1758 960 1844 pingues.

198 1864 346 1926 Destinat
368 1865 431 1926 hoc
454 1874 627 1944 monstrum
651 1865 783 1941 cymbae
806 1862 924 1946 linique
948 1865 1099 1948 magister
1287 1867 1327 1927 l5

201 1963 350 2029 Pontifici
367 1985 508 2039 summo.
555 1962 634 2041 eris
657 1963 737 2024 enim
761 1984 944 2045 proponere
967 1967 1060 2028 talem

200 2067 270 2130 Atat
291 2088 396 2129 emere
410 2058 570 2128 auderet?
593 2085 690 2146 quom
713 2065 804 2157 plena
829 2077 860 2127 et
883 2065 977 2129 litora
1000 2068 1100 2130 multo

199 2168 356 2231 Delatore
377 2168 504 2241 forent,
529 2165 663 2248 dispersi
684 2167 830 2247 protinus
854 2168 946 2251 algae

200 2269 414 2353 Inquisitores
437 2279 569 2354 agerent
591 2289 661 2330 cum
683 2267 805 2359 remige
828 2272 933 2345 nudo,

271 2449 314 2495 22.
335 2452 375 2495 Sic
390 2450 548 2495 ABCDEFG.
563 2451 656 2509 Web.;
677 2457 702 2496 ut
719 2452 781 2507 apud
799 2451 871 2497 Lucr.
893 2450 923 2506 1,
944 2450 1003 2498 268.
1023 2451 1048 2507 5,
1071 2450 1147 2499 1216.
1186 2454 1250 2498 Cum
1272 2469 1330 2511 pan·

201 2521 236 2563 cis
255 2519 316 2574 liup.
336 2517 559 2576 Endoperetorem.
597 2516 639 2564 30.
665 2519 696 2564 de
726 2520 854 2580 margine]
881 2536 953 2579 quum
979 2523 1004 2566 in
1028 2523 1105 2566 media
1129 2537 1212 2568 mensa
1245 2531 1331 2570 essent

200 2589 268 2642 apri,
297 2600 400 2641 pavones
418 2593 483 2640 cet,
512 2589 610 2632 maioris
631 2589 704 2633 etiam
722 2590 790 2644 pretii
814 2590 870 2634 cibi.
922 2587 963 2635 31.
976 2588 1068 2649 sancte
1085 2591 1116 2636 de
1134 2606 1217 2636 merce
1241 2595 1330 2638 Schol.

201 2661 225 2700 et
243 2662 334 2710 septem
351 2650 407 2701 mei.
445 2656 616 2714 „megypttost
636 2659 694 2702 vites
719 2659 809 2702 siluros
826 2673 914 2716 eosque
934 2673 977 2713 per
995 2661 1057 2704 viam
1074 2661 1199 2704 mutilatos
1217 2667 1297 2718 atque
1318 2677 1330 2705 a

200 2726 297 2769 cetariis
316 2725 360 2782 ipsi
376 2727 531 2770 venumdatos
552 2740 637 2769 rursus
660 2729 756 2782 popello
774 2728 916 2772 vendebat.'¹
935 2729 1008 2773 Web.
1055 2730 1118 2774 llaec
1137 2730 1235 2774 facilior
1255 2733 1331 2774 etiam

200 2792 367 2849 interpretatio
385 2788 431 2847 ei,
463 2809 532 2851 quam
551 2801 729 2850 proposuerunt
749 2797 834 2855 Pinzg.
858 2803 881 2841 et
907 2798 1032 2852 Lemaire,
1066 2803 1091 2840 nt
1108 2799 1141 2842 sit
1165 2800 1331 2857 „singulatim

200 2863 339 2915 vendere”‚
359 2877 390 2906 en
405 2861 483 2907 de‘tuit
488 2876 543 2916 ,·,-
559 2862 652 2907 enarra
664 2863 695 2907 de
716 2866 902 2910 merceMuret.
917 2868 1021 2914 Salmas.
1042 2891 1075 2901 —
1088 2864 1174 2925 fricta
1192 2866 1222 2911 de
1242 2881 1332 2910 merce

200 2932 302 2985 Mauso,
323 2933 385 2986 ltup.
424 2928 465 2975 31.
485 2932 545 2975 lieet
561 2930 603 2976 tta
621 2932 753 2977 considere
771 2934 818 2977 mei
837 2939 938 2989 septem.
975 2935 1049 2980 Recte
1068 2938 1103 2980 sic
1121 2937 1173 2980 fere
1192 2950 1249 2980 curn
1268 2938 1331 2980 Bar-

200 3001 250 3044 thio
270 3006 293 3044 et
311 3000 425 3044 Weberis
444 3000 559 3045 ambobus
576 3003 722 3056 explicabis:
761 3016 828 3056 „non
853 3017 912 3058 opus
934 3009 970 3048 est
989 3018 1106 3062 surgere,
1139 3019 1186 3049 uon
1206 3019 1270 3060 opus
1289 3006 1331 3049 bie

200 3075 238 3113 est
261 3070 373 3114 instinctu
392 3069 520 3125 inflatuque
540 3070 639 3126 divino;
660 3072 714 3114 ticet
733 3072 818 3125 etiam,
838 3073 858 3115 si
878 3074 968 3126 placet,
988 3075 1129 3118 considere.
1151 3075 1283 3130 tranquille
1303 3089 1331 3117 ac

200 3140 327 3183 summisse
353 3140 448 3194 dicere3
479 3153 534 3182 nam
553 3140 611 3183 nibil
636 3138 785 3199 fingendum,
817 3154 857 3184 res
876 3155 933 3185 vera
960 3143 1081 3185 dumtaxat
1109 3145 1229 3186 narranda
1267 3145 1331 3189 est.”

200 3207 242 3251 Sic
259 3212 362 3251 narrate
391 3210 469 3250 locum
497 3221 566 3251 suum
594 3214 683 3253 tuetur.
720 3208 811 3252 Purete
838 3211 888 3252 vult
910 3211 1044 3255 Franrltius
1063 3209 1184 3255 Verisim.
1208 3225 1281 3268 aper.
1305 3227 1330 3266 p.

201 3272 244 3320 29.
264 3290 317 3319 eum
330 3277 429 3330 Ruperti
442 3274 486 3319 Cd.
508 3274 550 3320 22.
571 3291 649 3335 marg.
687 3275 728 3323 37.
748 3278 922 3322 semianimem
939 3279 969 3323 B.
984 3282 1051 3323 solus
1064 3295 1093 3324 ea
1110 3280 1182 3324 aneis.
1222 3278 1268 3323 12.
1281 3282 1333 3323 Διι-

200 3355 261 3387 cona
278 3345 302 3387 in
327 3355 386 3401 agro
406 3339 496 3389 Piceno
521 3361 535 3388 a
560 3346 716 3398 Syracusanis
741 3348 844 3390 condita.
889 3345 931 3391 11.
951 3349 1067 3401 „initium
1092 3363 1176 3393 versus
1194 3349 1330 3405 virgiliani

200 3414 259 3456 Aen.
294 3410 339 3471 10,
371 3410 431 3456 819.
476 3413 634 3473 implevitque
664 3417 737 3459 sinus
764 3415 882 3475 sanguis.
914 3417 988 3461 sinus
1013 3418 1037 3461 b.
1069 3419 1086 3462 l.
1113 3418 1185 3461 retia.
1197 3417 1211 3438 '’
1242 3419 1330 3462 Sebot.

202 3478 244 3528 31,
265 3481 386 3525 torrentis
404 3483 462 3539 legit
480 3478 560 3526 Senot.
583 3484 722 3538 explicans:
744 3512 756 3537 „
765 3476 917 3538 pertinentis,
937 3488 1068 3531 currentis.
1107 3487 1159 3530 lilic
1180 3500 1237 3529 narn
1255 3487 1331 3530 rheu·

200 3563 238 3592 ma
258 3553 374 3606 quoddam
393 3552 466 3594 trabit
491 3553 583 3596 mare.”
619 3547 706 3606 liecte,
736 3558 808 3607 puto:
838 3556 926 3597 etenim
955 3550 1055 3611 „sereet
1087 3560 1202 3598 oretanae
1234 3554 1331 3612 rapido

200 3620 303 3678 gurgite
321 3618 414 3663 Pontus
427 3620 455 3664 :”
473 3621 563 3665 Lucan.
585 3617 614 3674 5,
636 3618 695 3666 231.
743 3616 874 3666 Praeterea
890 3624 919 3666 de
941 3637 969 3667 eo
988 3629 1096 3679 ternpore
1114 3636 1196 3667 sermo
1211 3630 1265 3676 est,
1286 3625 1329 3667 nbi

199 3686 299 3743 torpide
317 3689 437 3745 glaciesa
460 3691 510 3734 sole
531 3691 647 3733 dissoluta
668 3696 719 3747 est3
740 3696 763 3735 et
782 3692 827 3735 hoe
845 3704 899 3735 voc.
919 3697 1020 3736 torrens
1040 3694 1087 3736 adi.
1107 3693 1258 3746 velpartic.
1280 3694 1327 3736 ati-

201 3756 296 3811 quoties
324 3757 397 3798 utitur
420 3755 501 3804 loven.
526 3780 560 3794 -
584 3760 706 3816 torpentia
737 3760 800 3805 Cett.
830 3762 892 3816 quod
919 3763 1039 3816 explicant
1063 3762 1214 3819 „stagnantis
1243 3763 1329 3818 gelu.”

202 3821 244 3867 12.
264 3823 319 3877 „Ne
338 3823 431 3866 dubites
449 3839 487 3869 vv.
508 3833 615 3885 agerent
631 3842 687 3872 eum
705 3843 728 3875 r.
749 3842 775 3871 n.
796 3827 930 3887 significatu
948 3831 1039 3874 forensi
1057 3832 1185 3884 accipere,
1207 3834 1232 3871 ut
1251 3830 1329 3888 signi·

200 3890 255 3935 ficet
279 3893 302 3948 in
326 3892 363 3935 ius
382 3905 485 3947 vorare,
505 3896 572 3939 illum
593 3898 615 3938 tn
635 3898 724 3940 iudicio
743 3900 886 3948 convenire,
906 3900 1049 3946 accusare.''
1067 3900 1139 3943 Web.
1179 3894 1221 3942 53.
1249 3898 1331 3951 „Paz-

193 3956 285 4017 suriua
303 3959 371 4004 Sura
390 3961 466 4013 (Suet.
486 3963 558 4007 Dom.
580 3962 635 4016 13.)
654 3968 789 4011 consularis
807 3967 853 4009 viri
872 3965 937 4010 filins
955 3969 979 4010 in
995 3981 1070 4026 agone
1089 3981 1144 4011 cum
1164 3967 1261 4025 virgine
1281 3968 1329 4010 La·

200 4030 353 4072 cedaemonia
376 4030 419 4070 sub
439 4030 535 4074 Nerone
555 4035 655 4076 luctatus
680 4041 725 4079 est.
779 4036 893 4079 Postinde
915 4051 929 4079 a
947 4038 1097 4090 Vespasiano
1117 4040 1201 4080 senatu
1224 4041 1327 4087 rnotus,

202 4098 312 4140 transivit
330 4099 359 4139 ad
384 4098 490 4142 Stoicam
509 4105 613 4154 sectam,
641 4102 665 4143 in
685 4116 730 4158 qua
752 4117 823 4159 quum
849 4107 999 4157 praevaleret
1021 4110 1045 4149 et
1065 4105 1203 4162 eloquentia
1218 4109 1245 4148 et
1266 4106 1329 4149 artis

202 4166 308 4216 poeticae
327 4166 419 4222 gloria,
451 4168 539 4212 abusus
558 4169 721 4213 familiaritate
742 4173 891 4225 Domitiani,
920 4175 1076 4219 acerbissime
1095 4179 1176 4229 partes
1196 4175 1329 4218 delationis

203 4234 324 4277 exercuit:
345 4247 392 4289 qno
411 4233 553 4289 interfecto,
575 4241 659 4280 senatu
679 4244 819 4294 accusante,
840 4242 965 4288 damnatus
986 4249 1036 4288 est:
1058 4258 1128 4301 quum
1147 4243 1252 4288 fuissent
1265 4244 1329 4288 inter
