2736 4748
35 356 141 439 Telar
158 383 220 427 nee
240 363 327 426 bnne
346 359 502 446 lapidem,
526 361 636 448 quales
657 371 688 428 et
701 363 840 428 ¹'furnus
861 372 899 429 et*
915 363 1025 445 Aiax,
1112 366 1154 430 66

32 466 98 530 Vel
120 487 188 550 quo
212 464 352 546 Tydides
372 463 531 546 percussit
552 467 696 548 pondere
717 485 831 529 coxam

33 567 184 642 Aeneae3
208 569 266 630 sed
289 587 381 651 quem
404 566 531 629 valeant
552 567 695 630 emittere
716 569 850 632 dextrae

34 668 104 733 luis
130 668 296 732 dissimiles
317 679 349 731 et
371 678 485 732 nostro
507 678 653 749 tempore
674 678 785 744 natue3

34 772 118 834 Nam
143 791 246 854 genus
266 771 331 833 boe
350 768 428 833 vivo
450 769 511 832 iam
529 771 739 834 decrescebat
761 773 921 836 Homero.

35 860 143 935 Terra
166 869 432 935 malosbomines
453 891 538 935 nune
560 873 673 937 edurat
694 883 789 956 atque
810 872 964 954 pusiiiosz

33 973 132 1058 Ergo
152 973 243 1037 Deus
264 972 445 1058 quicunque
467 971 630 1055 adspexit,
656 972 738 1036 ridet
759 986 790 1037 et
812 974 894 1039 odit.

73 1078 110 1140 A
133 1073 330 1138 deverticulo
353 1085 519 1157 repetatur
540 1071 657 1141 renutu
700 1076 898 1160 Postquam,

33 1175 193 1240 Subsidiis
216 1175 318 1253 aneti,
341 1196 416 1258 pars
439 1176 538 1239 altera
559 1195 709 1258 promere
730 1176 852 1240 ferrum

32 1278 147 1341 Audet
169 1288 202 1341 et
223 1277 346 1341 infestis
367 1296 508 1361 pugnam
531 1276 710 1341 instaurare
731 1276 878 1362 sagittis:
964 1336 968 1340 .

34 1377 149 1464 Terga
171 1381 248 1462 fuga
271 1378 368 1443 eeleri
383 1379 625 1461 praestantibus
648 1379 823 1456 omnibns,v
839 1378 977 1457 instant,
1024 1456 1030 1465 Ι
1073 1404 1079 1415 ¹

33 1482 102 1560 Qui
125 1481 230 1545 vicina
254 1482 364 1544 colunt
385 1482 555 1545 umbrosae
578 1483 723 1560 Tentyra
744 1481 881 1564 palmae.

32 1581 179 1645 Labitur
199 1584 251 1644 bie
272 1581 417 1665 quidam,
441 1581 535 1645 nimia
556 1580 727 1646 formidine
748 1603 877 1646 cursum
960 1617 962 1621 ·
1010 1636 1014 1644 ,

33 1683 260 1765 Praecipitare
281 1682 492 1767 rapiturque3
513 1693 561 1745 ast
581 1682 668 1746 illum
691 1682 723 1746 in
744 1683 880 1764 plurima
902 1695 1022 1750 motum

32 1786 156 1849 Frusta
178 1795 209 1848 et
230 1783 423 1865 particulas,
446 1795 481 1846 nt
502 1782 607 1846 multis
630 1796 772 1848 mortuus
795 1806 875 1849 unrrs

33 1885 225 1959 sufficeret,
250 1895 352 1949 totum
374 1885 517 1949 eorrosis
539 1885 664 1948 ossibus
686 1886 754 1948 edit

31 1986 167 2051 Victrix
188 1988 281 2049 turba
302 2006 362 2049 nee
382 1984 508 2048 ardenti
530 1985 659 2050 decoxit
680 1988 763 2051 adeo

31 2090 105 2155 Aut
127 2090 286 2151 verubus:
308 2088 440 2171 longum
463 2107 563 2170 usque
585 2089 666 2152 adeo
688 2090 878 2172 tardumque
899 2090 1024 2174 putavit

31 2193 238 2272 Exspectare
258 2188 372 2263 focos,
397 2198 546 2252 contenta
567 2191 722 2252 eadavere
744 2194 858 2255 ersrdo.

30 2294 101 2356 Hie
123 2292 264 2375 gaudere
284 2289 381 2365 libet,
406 2292 495 2371 quod
516 2309 581 2360 non
603 2289 774 2354 violaverit
795 2291 922 2374 ignem,

31 2390 141 2474 Quem
164 2413 285 2456 summa
306 2391 388 2455 eaeli
409 2394 598 2474 raptum‘de
618 2402 709 2474 parte
732 2393 947 2458 Prometheus

28 2494 181 2562 Donavit
201 2494 309 2559 terris.
351 2495 522 2558 Elemento
545 2494 709 2578 gratulor,
734 2505 766 2558 et
787 2506 820 2559 te

28 2598 211 2661 Exsultare
232 2617 322 2660 reor.
336 2664 351 2671 Ν
366 2597 429 2660 Sed
450 2594 506 2680 qui
528 2598 676 2661 mordere
699 2598 836 2661 cadaver

28 2697 210 2776 Sustinuit,
234 2697 313 2762 nibil
334 2719 470 2784 unquam
492 2700 552 2762 bae
573 2718 669 2762 carne
690 2697 838 2762 libentius
860 2699 936 2765 edit.

28 2882 130 2940 sionem
148 2893 172 2926 v.
192 2875 233 2928 72.
253 2874 337 2936 Quid?
365 2882 427 2936 qnod
445 2879 538 2924 maiore
555 2891 630 2935 prope
645 2880 698 2925 inre
716 2881 846 2938 eademque
857 2885 909 2926 arte
921 2881 1045 2928 eliminare
1056 2884 1153 2937 possnrn‘

27 2949 233 3010 exclamationem
252 2949 403 3007 frigidiorem
428 2950 499 2993 etiam
523 2960 547 2992 r.
574 2946 616 2992 86.
636 2951 668 2993 ite
687 2950 756 2994 seih:
783 2949 894 2994 Donavit
910 2952 997 2995 terrie.
1045 2951 1096 2996 Sed
1112 2952 1155 3010 qui

26 3016 152 3061 mordere
175 3015 283 3061 roderet·
309 3023 355 3062 eet.
402 3016 506 3061 Omnino
525 3017 631 3065 enimin
649 3018 826 3073 posterioribus
844 3020 925 3063 satiris
943 3020 1003 3062 band
1022 3033 1154 3075 peecare·

26 3087 176 3143 periuntnr,
195 3098 254 3142 qnae
272 3099 320 3129 nou
338 3085 396 3130 satis
415 3091 470 3131 sunt
487 3086 606 3132 abseinta.
655 3086 801 3130 Nominatim
819 3087 842 3130 iu
861 3086 922 3140 bne,
941 3089 1010 3131 euius
1027 3082 1155 3147 argumenss

26 3162 83 3200 tum
111 3155 236 3212 egregium
254 3159 304 3208 est,
338 3156 401 3211 qued
420 3157 449 3199 ad
467 3155 559 3217 dicendi
576 3167 652 3213 genna
671 3155 774 3209 pertinet
791 3154 865 3197 inulta
883 3156 1026 3209 reprebendi
1045 3162 1154 3210 possunt.

26 3221 111 3285 [naec
129 3224 275 3277 scripseram
293 3223 317 3286 in
335 3223 382 3267 Ed.
400 3237 437 3278 pr,
486 3223 568 3268 Meam
591 3223 733 3266 seutentiam
752 3222 826 3266 secuti
845 3227 900 3266 sunt
917 3224 990 3268 Web.
1010 3230 1034 3268 et
1051 3222 1155 3283 Pinzgess

25 3306 90 3351 rus,
112 3292 160 3335 nisi
178 3293 241 3348 qnod
260 3292 298 3353 bie
315 3296 380 3336 reete
400 3292 537 3336 observavit
553 3291 650 3335 minime
668 3292 845 3335 eoncedendum
863 3290 938 3335 fnisse
956 3292 1089 3348 Frontino,
1115 3290 1155 3337 ln}

24 3361 144 3406 senatun
162 3360 206 3403 snb
225 3360 304 3414 speeie
322 3360 421 3405 miiitiae
439 3363 573 3418 relegatum
591 3373 638 3403 non
657 3372 710 3403 esse
729 3359 753 3403 iu
771 3357 926 3418 Aegyptum]
970 3357 1012 3405 66.
1032 3363 1090 3418 ripn
1107 3359 1154 3420 Uerg

24 3441 98 3486 nepo
119 3427 279 3473 ABCDEFG.
300 3429 340 3483 (in
359 3428 389 3473 Α.
409 3422 627 3484 tarnen'superser.
647 3426 743 3482 turbu.)
779 3429 945 3473 Mernorabiiis
963 3430 1051 3485 lectio,
1072 3435 1109 3484 st,
1130 3432 1156 3477 ui

23 3499 144 3550 videtur,
163 3498 235 3540 etiam
252 3497 399 3541 Seboiiastue
417 3497 506 3555 agnitu.
567 3494 609 3543 ⁴7.
629 3503 667 3541 eat
677 3492 772 3557 fucitis
790 3498 820 3541 F.
875 3493 917 3542 53.
941 3495 1040 3542 Dehine
1059 3498 1154 3543 ABFG.

25 3564 74 3631 64.
103 3561 239 3623 reditione]
269 3565 287 3609 i.
315 3579 338 3610 e.
363 3566 387 3609 in
415 3565 479 3608 omni
499 3565 635 3620 seditione;
665 3565 739 3610 abiut.
770 3566 848 3609 absol.
875 3579 973 3622 „quum
997 3568 1083 3610 seditio
1101 3560 1155 3612 fite*

23 3635 126 3695 Omnes
145 3634 202 3677 snei.
222 3633 283 3678 nen.
302 3632 375 3680 Web.
396 3657 429 3668 —
447 3633 577 3679 Cramerus
596 3635 703 3689 praefert
720 3634 824 3677 dativum
836 3633 945 3687 Rupertii
958 3636 1023 3679 etei.
1045 3632 1086 3681 75.
1105 3642 1155 3680 ter·

20 3717 64 3763 go
76 3698 154 3760 suge
171 3702 250 3745 celeri
264 3701 466 3759 promentibus]
487 3704 528 3747 Sir
546 3701 642 3747 ABEG.
662 3703 722 3746 Aeli.
742 3702 816 3747 Web.
855 3702 880 3745 id
899 3708 951 3758 eat,
971 3703 995 3748 in
1014 3707 1087 3750 ceteri
1099 3707 1156 3764 fuga

20 3769 205 3827 praebentibus
224 3776 301 3829 terga.
321 3789 356 3805 ι·
366 3768 453 3831 sugere
471 3773 530 3816 satis
549 3771 658 3829 ambigue
678 3771 750 3818 ΟΜ.
769 3771 833 3826 Rup.
880 3767 922 3814 76.
940 3774 1038 3817 moenie
1052 3776 1155 3831 pulmue

19 3841 55 3884 B.
102 3836 146 3883 77.
164 3836 206 3882 leet·
223 3837 336 3898 quidem]
355 3838 515 3884 annuum.
536 3845 559 3884 et
577 3840 674 3895 Senon,
696 3841 758 3895 quod
777 3838 895 3905 praetuti3
914 3855 969 3885 nam
981 3843 1001 3886 si
1020 3856 1072 3888 eum
1090 3844 1154 3898 Rup-

19 3908 92 3954 aen.
112 3906 188 3952 Web.
209 3908 275 3965 legas
292 3905 366 3963 bine,
394 3910 423 3953 ds
442 3902 567 3963 'l'entyrita
585 3909 667 3964 utiquo
684 3903 865 3966 intelligendum
883 3915 962 3964 esset,
991 3914 1052 3969 qnod
1070 3912 1156 3956 absur-

21 3979 87 4021 dum
106 3980 155 4021 est.
203 3975 286 4033 Neque
303 3990 363 4041 vero
381 3978 497 4033 explicari
515 3981 594 4033 potest
610 3973 669 4020 bine
695 3982 815 4031 „propter
833 3978 913 4035 fugam
931 3980 1063 4024 effusam.”
1105 3977 1156 4023 Hie

19 4051 49 4113 pt
69 4042 135 4088 bine
152 4046 231 4088 nutem
250 4047 391 4100 saepissime
410 4046 600 4099 contunduntur,
621 4045 693 4091 vetuti
706 4047 787 4091 statim
804 4060 828 4091 r.
848 4044 891 4091 84.
911 4061 956 4103 pro
974 4046 1022 4091 Hie
1039 4045 1155 4105 gaudere

20 4115 95 4160 inter
113 4126 183 4158 ruens
201 4112 252 4161 CF.
272 4114 360 4158 babent
376 4111 443 4158 Hine
460 4113 583 4174 gaudere.
621 4104 663 4158 86.
684 4115 774 4159 Similis
791 4116 860 4160 eolor
878 4120 916 4160 est
932 4116 1003 4159 Ovio.
1023 4116 1083 4158 Met.
1104 4111 1153 4168 10',

21 4179 92 4228 3⁰5.
143 4179 267 4226 Gentibus
295 4181 416 4226 lemuriie
433 4175 469 4226 'et
492 4189 578 4227 nostro
594 4184 712 4241 gratulor·
729 4183 804 4237 orbe]
834 4172 956 4227 Gratulor
973 4179 1032 4227 buin
1049 4187 1154 4238 terres,

20 4245 97 4313 pund
114 4247 188 4297 abeat
204 4250 352 4311 regionibua
369 4250 442 4306 tute,
462 4249 531 4314 Quae
548 4257 645 4297 tuntum
661 4263 772 4312 genuere
789 4246 874 4309 neser.
