2762 4760
1153 245 1172 308 5

129 405 265 472 Facilius
285 405 347 470 iam
369 428 421 469 res
454 409 650 490 procedebat
679 407 712 473 in
742 406 912 472 Tibullo
934 419 1010 490 post
1032 405 1170 488 Heynii,

70 509 315 586 Wunderlichii,
338 507 470 586 Vossii,
492 508 652 573 Huschhii
680 531 718 573 ac
743 508 857 575 Bachii
891 530 998 586 curas,
1032 530 1074 573 ex
1101 506 1173 593 qni·

71 616 144 693 hus,
176 611 253 676 nulli
276 611 455 688 obnoxius,
490 634 571 697 quae
592 609 791 695 potissimum
813 611 994 694 placerent,
1031 632 1120 676 meos
1140 609 1174 674 in

71 735 143 778 usus
163 712 322 779 converti.

131 817 168 880 ln
188 816 438 899 Propertio,
471 816 625 882 consultis
646 816 739 881 etiam
762 816 938 891 Bahrdtio,
969 819 1173 892 Bormanon,

73 918 265 995 Kuinoelio,
301 920 538 985 Lachmannum
575 919 781 1003 praecipuum
825 923 937 983 ducem
972 918 1081 982 habui.
1135 919 1175 981 In

74 1020 214 1087 Ovidii
236 1020 362 1106 Elegiis
383 1024 614 1099 Burmannum,
650 1021 682 1085 in
706 1021 856 1087 Persio
882 1043 960 1087 uero
983 1020 1174 1087 Passovium

72 1146 109 1187 ac
128 1122 294 1187 Nicolaum
317 1123 494 1188 Achaintre
522 1136 646 1189 secutus
675 1147 760 1201 sum,
797 1123 923 1188 ratione
951 1124 1060 1188 habita
1082 1122 1175 1187 etiam

71 1248 195 1300 eorum,
232 1247 313 1308 quae
340 1225 568 1300 casaubonus,
606 1226 755 1303 Reizius,
793 1225 942 1290 Montius
978 1226 1112 1307 (Satine
1141 1225 1177 1288 di

70 1332 116 1394 A.
132 1326 247 1392 Persio
261 1330 392 1404 Haece,
410 1328 615 1392 troduzione
630 1329 667 1391 di
680 1331 853 1395 Vincenzo
868 1329 997 1393 Menti.
1019 1327 1175 1403 Milone,

70 1431 176 1495 Genio
194 1443 337 1516 typogr.
361 1431 456 1493 1803.
479 1430 528 1511 8.)
549 1453 587 1494 ac
609 1429 786 1494 Meisterus
808 1430 927 1511 (variis
945 1431 978 1494 in
993 1430 1176 1514 opusculis)

70 1537 111 1596 ad
140 1531 231 1595 huius
264 1534 382 1615 poe‘tae
417 1531 713 1614 interpretationem
754 1535 970 1598 contulerunt.
1022 1532 1177 1618 Koenigii

65 1626 298 1699 ¹commentario
329 1656 438 1698 careo.
490 1632 601 1698 Editio
632 1633 758 1720 quidem
785 1635 1072 1722 Norimbergensis
1103 1636 1176 1699 anni

72 1737 164 1800 1803.
186 1747 316 1819 praeter
337 1735 512 1800 Ebneriani
541 1736 663 1801 codicis
690 1737 845 1803 lectiones
869 1738 985 1822 passim
1008 1750 1177 1821 excerptas

69 1843 170 1903 bonae
205 1837 311 1922 frugis
343 1837 424 1901 nihil
455 1837 725 1903 subministrabat.
781 1841 908 1905 Primus
937 1863 1017 1905 vero
1050 1840 1176 1903 excussi

68 1940 211 2006 codicem
239 1940 455 2005 bibliothecae
483 1940 610 2006 Civium
639 1941 860 2005 Turicensium
889 1945 996 2023 (Mes.
1021 1942 1063 2006 C.
1088 1943 1177 2019 135.)

68 2047 357 2119 membranaceum,
390 2041 620 2127 elegantissime
642 2044 682 2134 ab
704 2044 789 2109 ltalc
809 2042 950 2110 librario,
970 2042 1070 2108 seculi
1089 2042 1178 2107 tertii

67 2143 184 2210 decimi
210 2157 384 2209 exaratum.
407 2168 445 2209 ac
470 2145 656 2231 plerumque
689 2167 759 2208 cum
789 2143 936 2211 melioris
965 2156 1060 2210 notae
1083 2145 1179 2227 libris

65 2248 248 2313 facientem.
1048 2322 1051 2329 ,

131 2351 235 2432 Quum
265 2348 477 2433 Sulpiciae
505 2350 634 2414 satiram
664 2355 768 2417 denuc
794 2344 1016 2416 recensendam
1038 2352 1178 2436 suscipe·

63 2475 150 2529 rem,
187 2462 258 2515 ante
289 2450 397 2517 omnia
426 2451 652 2536 dispiciendum
685 2466 772 2531 erat,
809 2477 961 2541 quaenam
990 2455 1178 2521 obtinuisset

61 2554 165 2620 lectio
180 2566 251 2617 ante
266 2553 435 2632 Vinctum,
459 2559 579 2641 quade
601 2578 637 2621 re
658 2580 700 2621 ex
719 2557 922 2634 Schwarzii,
945 2556 1118 2622 Burmanni
1141 2580 1178 2620 ac

61 2656 284 2723 Wernsdorfii
309 2655 505 2723 editionibus
540 2680 605 2722 non
637 2681 761 2741 semper
790 2659 908 2724 licebat
928 2671 998 2724 tuto
1023 2658 1176 2722 iudicare.

60 2762 111 2825 At
135 2760 301 2826 destitutus
323 2759 461 2825 Ausonii
481 2760 675 2825 editionibus
696 2761 851 2847 antiquis,
874 2761 1086 2826 Basileenscm
1106 2761 1178 2824 anni

61 2864 162 2927 1523.
187 2866 272 2946 apud
292 2860 497 2926 Valentinum
520 2861 694 2927 Curionem
716 2863 804 2946 typis
825 2885 1009 2947 expressam
1027 2875 1120 2947 atque
1137 2885 1178 2925 ex

58 2978 138 3031 toto
160 2989 231 3029 cum
246 2964 366 3029 Aldina
385 2964 621 3047 conspirantem
643 2988 705 3049 pro
724 2987 827 3029 novae
848 2963 1044 3030 recensionis
1065 2964 1178 3027 funda-

59 3082 174 3133 mento
195 3068 307 3145 habui,
330 3066 443 3145 itaut,
468 3068 522 3132 ubi
545 3090 626 3152 opus
646 3080 744 3145 esset,
768 3066 855 3132 vitiis
870 3068 1005 3131 Aldinae
1019 3064 1176 3131 Virorum
1226 3125 1229 3137 ,

57 3177 238 3237 doctorum
263 3193 409 3257 measque
432 3171 668 3236 emendationes
690 3169 926 3234 substituerem.

127 3277 175 3340 Ut
197 3278 238 3338 ad
258 3273 474 3338 Iuvenalis
495 3273 609 3337 satiras
630 3275 780 3358 quasdam
811 3272 943 3336 selectas
968 3271 1047 3336 novi
1067 3271 1177 3335 saltem

56 3377 189 3463 aliquid
215 3380 397 3452 accederet,
435 3374 579 3440 consului
614 3386 742 3459 practer
769 3373 936 3439 chniuii¹
958 3397 995 3437 ac
1028 3372 1178 3457 Rupertii

54 3478 224 3544 editiones
252 3477 396 3542 codicem
424 3481 697 3543 membranaceum
725 3478 931 3542 Turicensem
964 3476 1027 3557 (C.
1051 3498 1081 3539 a.
1108 3477 1178 3556 24.)

53 3581 165 3646 seculi
189 3580 290 3666 quinti
313 3581 444 3658 decimi,
469 3604 560 3644 manu
581 3581 694 3645 Italica
716 3580 815 3644 nitide
838 3580 1010 3662 scriptum,
1034 3578 1085 3643 cui
1108 3580 1177 3662 ple-

52 3704 200 3769 rumque
227 3705 297 3745 cum
327 3682 484 3749 Parisinis
514 3683 698 3749 Achaintrii
734 3693 828 3768 atque
858 3682 997 3747 editione
1028 3681 1177 3767 principe
1264 3728 1266 3731 ψ

52 3784 232 3852 convenit.
629 3796 632 3803 ’

123 3888 193 3952 His
220 3886 369 3952 subiunxi
400 3890 507 3972 primo
538 3891 614 3954 loco
645 3889 799 3952 delectum
832 3886 1175 3973 Epigrammatum

49 3991 290 4057 concinnatum
316 4014 358 4056 ex
386 3992 587 4076 Anthologia
608 3991 801 4067 Burmanni,
839 3982 1041 4056 collectione
1064 3993 1177 4074 Pisau-

47 4092 171 4172 rensi,
205 4094 358 4158 Martiale
383 4105 415 4157 et
434 4093 599 4170 Ausonio,
636 4105 822 4179 aptumque,
858 4104 893 4156 ut
914 4093 1052 4176 opinor,
1086 4100 1177 4158 etad
1281 4128 1283 4131 ·

46 4197 206 4260 lectores
226 4193 450 4259 exhilarandos
471 4204 502 4258 et
522 4198 562 4258 ad
582 4218 670 4259 usum
691 4195 855 4282 magistri,
893 4196 964 4282 qui,
1002 4198 1075 4259 dnm
1105 4189 1176 4260 eum

47 4298 310 4383 interpretatur,
334 4295 423 4362 varia
440 4294 623 4363 literaturae
639 4308 670 4362 et
685 4298 881 4383 antiquitatis
893 4301 1057 4364 Romanae
1073 4298 1176 4380 capita
