2772 4750
211 190 252 256 96

211 356 229 391 i*
251 348 398 411 Necdum
419 342 512 408 ctiam
533 361 664 426 seseque
684 337 733 403 sui
754 336 806 402 cui
828 343 872 380 *i
892 334 1012 413 credit,

212 452 336 532 Utpote
359 445 467 511 fallaci
489 465 570 531 quae
592 454 658 506 tum
681 439 820 524 primum
843 438 950 504 excita
972 459 1085 503 somno

211 553 380 617 Desertam
400 547 433 612 in
455 548 525 611 sola
547 544 692 608 miseram
714 565 748 607 se
771 541 874 607 cernit
896 562 1005 605 arena.

212 655 386 717 Immemor
410 661 441 712 at
461 647 585 713 iuvenis
605 646 734 731 fugiens
757 644 849 727 pellit
872 648 953 707 vada
971 641 1085 720 remis,

212 754 312 818 irrita
333 764 484 817 ventosae
505 750 651 834 linquens
669 746 830 830 promissa
848 746 1026 829 procellae.

213 857 316 937 Quem
340 853 458 938 procul
481 874 521 916 ex
543 851 617 936 aiga
639 849 766 914 maestis
786 847 915 913 Minois
936 847 1068 923 ocellis,

213 961 317 1022 Saxea
340 969 375 1020 ut
394 953 517 1039 effigies
540 952 744 1027 bacchantis,
766 949 945 1034 prospicit,
968 972 1069 1027 evoe,

213 1058 382 1142 Prospicit
403 1068 435 1122 et
455 1055 579 1140 maguis
601 1076 748 1118 curarum
770 1054 904 1118 fluctuat
925 1051 1036 1130 undis,

212 1165 290 1227 Non
309 1161 396 1226 flavo
420 1158 560 1222 retinens
582 1155 729 1220 subtilem
751 1155 873 1219 vertice
892 1155 1036 1231 mitram,

212 1266 291 1330 Non
311 1272 459 1327 contecta
482 1259 547 1323 levi
568 1258 706 1321 velatum
723 1269 836 1340 pectus
859 1257 993 1335 amictu,

214 1369 292 1432 Non
314 1362 409 1427 tereti
426 1359 576 1445 strophio
600 1361 754 1423 lactantes
776 1358 884 1423 vincta
905 1359 1062 1443 papillas:

217 1466 334 1534 Omnia
355 1486 437 1550 quae
458 1475 530 1529 toto
553 1463 718 1546 delapsae
741 1484 885 1545 corpore
907 1461 1024 1545 passim

214 1568 321 1652 Ipsius
345 1569 533 1649 antepedes
554 1565 670 1629 fluctus
689 1564 765 1628 salis
789 1565 982 1628 alludebant.

215 1674 279 1736 Sed
300 1691 403 1755 neque
422 1680 490 1731 tum
512 1667 624 1731 mitrae
647 1688 750 1752 neque
771 1677 838 1729 tum
857 1664 1009 1730 fluitantis
1031 1665 1167 1730 amictus

214 1772 276 1837 liia
298 1771 402 1836 vicem
422 1792 535 1834 curans
555 1780 628 1834 toto
644 1785 690 1832 'ex
706 1780 737 1833 te
759 1779 912 1851 pectore,
937 1770 1081 1846 Theseu,
1319 1774 1357 1832 to

216 1878 305 1940 Toto
327 1873 449 1951 auimo,
473 1884 542 1936 tota
560 1875 719 1955 pendebat
732 1870 864 1953 ”perdita
885 1881 1002 1935 mente.

213 1978 269 2042 Ab
290 1975 422 2051 misera,
445 1974 579 2038 assiduis
601 1996 695 2059 quam
713 1972 852 2037 luctibus
873 1970 1070 2036 exsternavit

215 2078 371 2162 Spiuosas
389 2077 532 2159 Erycina
555 2098 664 2140 serens
685 2075 719 2139 in
738 2086 873 2158 pectore
893 2096 1005 2152 curas,

215 2182 277 2247 llia
292 2190 494 2263 tempestate,
517 2179 700 2263 feroxque
721 2189 869 2260 tempore
894 2180 1038 2242 Theseus

215 2286 375 2369 Egressus
398 2280 505 2345 curvis
527 2303 545 2344 e
565 2279 718 2345 litoribus
741 2279 851 2345 Piraei
1317 2286 1356 2349 75
1384 2356 1385 2359 Ἴ

215 2445 325 2493 credidit
342 2459 398 2491 eree
416 2446 511 2491 Censor
534 2444 619 2502 Lips.;
649 2445 711 2502 quod
734 2444 858 2489 Latinitati
882 2451 1000 2504 repugnat
1023 2448 1126 2491 maxime
1147 2460 1173 2491 ιιι
1195 2460 1286 2503 pravo
1313 2464 1357 2494 usu

216 2517 301 2573 partie.
318 2528 362 2570 νος
389 2520 413 2560 et
428 2516 493 2559 nulia
509 2519 546 2559 est
566 2516 675 2558 iunctura
689 2515 862 2567 sententiarum
874 2515 937 2559 inter
952 2529 1008 2559 aeae
1021 2521 1045 2560 et
1056 2516 1188 2561 oblitumne
1202 2525 1261 2562 cet.
1305 2518 1356 2564 Nos

216 2586 304 2644 Scalig.
323 2587 357 2640 (et
368 2582 436 2637 Ast.)
454 2585 540 2628 imitati
555 2584 674 2628 defectum
689 2584 854 2629 indicavimus.
874 2605 907 2614 -
925 2583 1051 2629 Necdum
1068 2587 1158 2641 eliam,
1180 2599 1303 2646 seseque
1316 2589 1357 2633 eui

215 2661 266 2701 ium
287 2652 395 2698 credidit
408 2667 474 2700 ease.
491 2653 560 2697 1111.
580 2654 612 2698 ai.
631 2653 775 2708 Exeroplum
792 2644 984 2715 κὰκοφωνὶας
1001 2655 1137 2700 rhetoribus
1157 2658 1295 2709 praebere
1314 2672 1356 2714 po·

216 2729 278 2768 terat
302 2724 393 2767 lieiusii
419 2724 500 2767 coni:
532 2719 584 2767 Nee
609 2720 667 2766 duim
692 2723 767 2766 ettam
794 2736 850 2767 sese
875 2725 958 2780 ipsum
981 2737 1053 2768 suum
1072 2731 1123 2769 ium
1141 2724 1263 2771 credidit
1286 2741 1355 2773 ease.

217 2791 259 2840 58.
279 2798 368 2836 cernui
383 2792 427 2836 (id.
449 2792 537 2836 Dresd.
558 2791 657 2836 Lachm.
709 2789 750 2835 61.
769 2798 827 2836 ocia
852 2793 935 2837 Heius.
958 2793 983 2837 ia.
1005 2794 1022 2837 i.
1043 2799 1067 2837 et
1081 2808 1104 2841 v.
1127 2791 1206 2846 168..
1239 2799 1291 2840 sed
1309 2797 1355 2841 cfr.

217 2862 298 2907 iuven.
314 2858 345 2914 i,
365 2858 407 2907 ⁴8.
434 2861 510 2920 aigae
528 2861 700 2920 inquisitores.
726 2860 951 2920 Alguvocabuium
971 2869 1023 2907 erat
1041 2865 1102 2919 apud
1120 2868 1205 2918 poetas
1226 2865 1356 2922 frequens
1383 2870 1384 2917 Q

216 2933 293 2977 etiam
307 2931 430 2974 Claudiani
449 2935 527 2975 aetate
544 2929 679 2984 iulium,
698 2927 756 2974 387.
775 2926 798 2974 3.
814 2929 1062 2978 Consu1.fl0n.197.
1110 2929 1151 2977 66.
1177 2933 1217 2976 ita
1235 2935 1312 2980 Mss.
1334 2940 1357 2979 et
1383 2944 1384 2961 ¹

215 3002 304 3048 isidor.
330 2997 371 3045 19.
393 3013 418 3055 p.
440 2996 516 3044 1307.
545 2995 641 3044 Cinna:
668 2995 780 3056 strophio
805 3001 927 3044 iactantes
947 3001 1030 3045 cineta
1043 3017 1072 3060 p.
1095 3002 1202 3059 Elegans
1225 3008 1290 3058 est,
1313 3005 1356 3048 sed

215 3071 354 3127 neutiquam
372 3069 509 3115 necessaria
525 3068 591 3113 Mur.
609 3069 673 3116 coni.
689 3069 832 3123 luriculam
850 3071 923 3114 imino
942 3070 1046 3116 fortasse
1067 3086 1097 3115 ne
1118 3071 1204 3115 Imtina
1226 3075 1355 3129 quidem,

215 3142 307 3186 nulium
322 3139 386 3183 enim
405 3140 538 3193 exeinpium
556 3143 592 3182 tot
611 3140 662 3182 eius
681 3139 788 3183 lautores
805 3140 925 3197 bucusque
940 3142 1106 3198 promiscuum
1120 3139 1249 3202 flammas
1265 3147 1356 3187 autem

214 3211 339 3255 lucrantes
359 3208 412 3252 Silii
429 3207 457 3261 1,
475 3205 532 3252 tit.
548 3221 577 3251 ac
590 3213 672 3252 oeulos
685 3208 746 3251 Aen.
763 3207 791 3261 1,
808 3204 849 3252 53.
867 3211 920 3264 quis
938 3208 983 3252 huc
1001 3207 1109 3254 referat?
1128 3211 1282 3256 istiusmodi
1294 3225 1355 3256 sare

215 3281 314 3325 delicias
335 3278 375 3320 vix
392 3279 492 3320 intactas
510 3277 665 3334 reliquissent
684 3278 827 3321 imitatores.
866 3278 902 3321 Tu
922 3278 1005 3323 confer
1020 3275 1161 3333 Lucret.5,
1177 3276 1244 3323 883.
1269 3280 1356 3325 ubero

215 3360 383 3392 mammarum
400 3346 537 3400 laetantia,
565 3346 645 3403 ibique
667 3346 765 3391 Wakef.
786 3346 892 3401 Epithal.
912 3348 1019 3401 Auspicii
1038 3353 1062 3392 et
1081 3350 1164 3392 Aeliae
1181 3361 1208 3392 v.
1236 3346 1289 3394 43.
1315 3363 1354 3405 aq).

216 3416 332 3460 Wernsd.
352 3415 382 3458 P.
404 3416 421 3458 i.
441 3428 473 3462 ιιι.
495 3411 525 3469 i,
548 3413 572 3462 2.
597 3429 621 3471 p.
639 3412 698 3460 177.
731 3414 753 3459 It
771 3422 864 3459 notura
881 3430 964 3460 comes
982 3416 1085 3461 lactenti
1096 3412 1155 3474 filo
1168 3418 1298 3474 papilla.
1321 3443 1354 3452 -

214 3485 335 3531 lactentes
350 3498 362 3527 e
376 3483 436 3527 Cdd.
450 3484 508 3540 aliq.
523 3484 622 3531 Lacbm.
676 3478 716 3528 68.
738 3485 773 3528 ita
786 3486 862 3529 Codd.
874 3499 898 3530 r.
913 3501 933 3530 c.
946 3487 1025 3530 Palal.
1045 3487 1172 3543 (simililer
1186 3485 1238 3531 Gr.
1252 3501 1356 3556 προς.

216 3553 342 3615 παίζειν,
361 3550 499 3607 σαίνειν.)
514 3574 543 3584 -
557 3552 695 3598 ollidebuut
710 3554 780 3597 Aldu.
794 3555 857 3599 Scai.
898 3552 938 3600 71].
958 3560 1042 3599 lotote
1057 3569 1091 3598 ex
1100 3553 1178 3600 Aidi.
1199 3578 1237 3589 —-
1258 3563 1355 3602 totote
1381 3606 1382 3609 Ἰ

212 3640 240 3682 p.
252 3623 307 3667 Ald.
317 3620 342 3667 2.
362 3622 470 3676 (Neutra
481 3622 676 3678 prodebat,sed
687 3621 982 3681 pendebot1.perdebot
998 3623 1035 3676 2.)
1073 3622 1114 3669 72.
1133 3624 1264 3668 miseram
1276 3628 1352 3671 nidd.
1381 3614 1382 3619 ¹

216 3695 253 3737 ib.
274 3692 420 3736 extenuavit
432 3692 492 3737 star.
520 3714 549 3724 —
576 3693 718 3737 externovit
737 3693 818 3751 vulgo.
839 3694 885 3738 Sed
899 3694 1055 3737 exsternavit
1068 3694 1138 3737 malui
1154 3694 1275 3739 scribere
1299 3711 1355 3740 cum

215 3762 364 3809 Forceliino.
394 3761 445 3805 iioe
464 3762 527 3805 euim
545 3763 644 3806 verbum
663 3766 815 3805 exsternere
834 3764 1035 3808 temnentem
1054 3762 1149 3815 facere,
1171 3764 1207 3805 uti
1228 3772 1354 3810 conster-

216 3846 295 3884 nare,
327 3831 389 3886 quod
413 3844 497 3875 omnes
517 3832 586 3876 adv.
607 3838 720 3876 atemere
739 3833 860 3886 referunt,
892 3833 1090 3889 quemadmodum
1107 3826 1252 3889 aspernari
1275 3837 1310 3879 ad
1329 3848 1353 3878 v.

216 3913 345 3960 spernere,
360 3913 404 3948 cv.
412 3906 524 3943 sternere
535 3902 592 3945 item
603 3903 697 3957 potius,
709 3915 779 3957 quam
791 3902 820 3945 ab
831 3904 884 3945 adv.
896 3908 972 3945 extro
982 3902 1143 3946 deducendum
1154 3902 1214 3946 erit.
1230 3903 1354 3958 Appuleii
1380 3950 1381 3957 ἵ

216 3971 312 4029 quidem
319 3969 375 4023 loci,
390 3983 449 4026 quos
459 3971 562 4023 laudant,
574 3971 717 4026 praesertim
725 3972 785 4014 Met.
796 3969 820 4016 3.
829 3986 853 4027 p.
864 3968 923 4015 211.
940 3972 979 4015 ubi
990 3971 1273 4018 tamenOud.e1Codcl.
1284 3975 1354 4018 dedit

216 4039 403 4084 exterminatos
421 4039 515 4094 aniani,
535 4053 579 4095 pro
598 4040 644 4083 hoc
662 4040 795 4096 veriloquio
815 4042 950 4097 neutiquam
967 4042 1067 4087 faciunt.
1115 4037 1158 4085 71.
1172 4036 1266 4098 ferox
1288 4049 1316 4087 et
1334 4048 1352 4090 l.

215 4109 261 4154 Ed.
279 4122 317 4163 pr.
333 4106 426 4153 Atat.
442 4111 515 4153 Voss.
543 4131 573 4141 -
591 4104 721 4167 feroxque
734 4115 758 4152 et
769 4110 824 4158 ΑΙ1.
841 4108 865 4157 2.
887 4111 940 4153 itali
955 4112 1009 4155 scii.
1028 4109 1256 4165 perhorrescehant
1281 4127 1355 4156 usum

216 4180 284 4225 iilum
302 4176 382 4222 Latini
400 4179 520 4222 sermonis
538 4179 561 4220 io
581 4178 664 4237 primis
688 4177 838 4234 frequeniem
859 4181 920 4234 apud
945 4179 1084 4225 Caesarem.
1109 4192 1133 4224 v.
1158 4193 1181 4226 c.
1213 4181 1266 4224 itta
1292 4181 1353 4233 die,

218 4271 228 4284 ·
247 4273 257 4285 -
276 4245 382 4307 quodie
400 4247 429 4293 B.
447 4245 524 4300 G.1,
542 4243 567 4290 6.
593 4264 635 4315 ‘''.
644 4238 727 4315 [crox
745 4261 792 4307 quo
810 4261 844 4292 ex
863 4255 971 4307 tempore
990 4249 1101 4294 borribiii
1121 4261 1183 4294 sono
1204 4264 1266 4295 cum
1288 4252 1354 4296 italo
