2772 4750
176 334 390 422 ›Saltuumqne
412 341 649 406 reconditorum

179 436 394 522 Amniumque
415 453 595 508 sonantum.

245 558 297 619 Tu
319 558 446 623 Lucina
468 561 649 627 dolentibus

179 661 262 723 Iuno
290 658 371 722 dicta
394 666 582 745 puerperis:

179 763 368 842 'tripotens
393 762 505 827 'l'rivia
528 775 560 827 et
581 768 682 832 notbc
705 791 738 832 cs

174 862 272 928 Dicta
297 863 414 944 lumine
435 866 543 928 Luna.

238 967 290 1028 'l'u
313 988 426 1043 ceusu,
450 967 539 1045 Dea,
565 982 727 1036 rarenstruo

179 1067 320 1130 Melicos
342 1068 403 1130 iter
424 1090 579 1145 annuum,

177 1169 310 1231 Rustica
334 1169 497 1253 agricolae
519 1162 614 1240 bonis

173 1273 277 1332 'l'ecta
298 1271 446 1355 frugibus
470 1275 595 1356 exples.

236 1371 288 1435 Sis
311 1395 502 1458 quancunque
524 1375 582 1437 tibi
603 1377 709 1457 placet

170 1475 288 1551 Sancta
312 1475 457 1552 nomine,
471 1472 701 1561 ’Romuliquef
746 1469 750 1482 ’

170 1575 313 1658 Aulique
336 1587 370 1638 nt
392 1577 487 1640 solita
511 1599 560 1654 es,
585 1579 668 1642 bona

168 1677 404 1759 Sospiles'opc
427 1690 567 1762 gentem.
641 1690 657 1717 ⁴

412 1798 417 1806 '
525 1793 571 1854 Χ.
596 1793 679 1871 (ll.)

400 1900 403 1904 ’
446 1892 516 1967 ab
537 1892 751 1957 FUNDUM.

101 1998 135 2060 0
158 1993 254 2058 lrrnde
276 2007 406 2071 noster,
430 2017 486 2058 seu
510 1981 626 2058 Sabine
649 2016 705 2058 seu
728 1995 866 2073 Tiburs,

34 2099 134 2175 (Nam
158 2109 189 2160 te
212 2118 283 2160 esse
306 2098 473 2160 Tiburtem
497 2106 677 2173 autumant,
703 2097 819 2181 quibus
842 2120 907 2162 nou
928 2113 975 2165 est
1066 2154 1068 2159 .

35 2198 143 2263 Cordi
166 2197 326 2263 Catullum
349 2200 497 2262 laedere:
523 2211 554 2261 at
576 2198 691 2282 quibus
713 2199 806 2262 cordi
825 2210 893 2273 eat,
978 2263 984 2265 a
1090 2240 1093 2244 ι

35 2301 167 2381 Qnovis
191 2301 340 2363 Sabinum
363 2301 501 2387 pignore
524 2322 594 2364 esse
617 2301 845 2379 conlaudante)

33 2404 99 2466 Sed
121 2424 180 2466 seu
204 2404 320 2466 Sabine
343 2403 411 2466 sive
434 2405 541 2466 verius
566 2402 685 2465 Tiburs

33 2503 98 2566 Fui
120 2505 257 2568 libenter
278 2507 310 2567 in
332 2515 385 2591 tua
408 2507 588 2567 suburbana

33 2607 124 2669 Villa
148 2607 321 2694 malamque
345 2617 479 2689 pectore
502 2605 611 2688 expedi
634 2606 765 2683 tussim,

32 2710 113 2772 Non
135 2708 313 2772 immerenti
333 2730 428 2793 quam
453 2708 528 2774 mihi
551 2729 639 2771 meus
661 2721 791 2783 venter,

31 2809 120 2874 Dum
143 2796 345 2894 sumptuosas
368 2821 506 2895 appeto,
531 2810 633 2892 dedit,
657 2831 786 2877 coenas.

30 2914 115 2975 Nam
140 2913 300 2977 Sestianus
324 2917 397 2977 dum
420 2913 499 2977 volo
522 2933 590 2974 csse
613 2910 779 2988 conviva‚'

27 3011 222 3079 Orationem
244 3016 276 3079 iu
300 3016 432 3080 Antium
454 3016 623 3097 petitorem

28 3117 162 3180 Plenam
186 3118 300 3181 veneni
321 3130 352 3180 et
374 3117 570 3199 pestilentiae
592 3115 684 3199 legit.
788 3167 790 3172 ,

29 3219 98 3280 Hic
119 3241 169 3282 me
190 3222 336 3303 gravedo
358 3218 476 3304 frigida
499 3230 531 3281 et
551 3217 704 3300 frequens
726 3213 821 3276 tussia

25 3319 225 3398 Quassavit,
249 3342 351 3404 usque
374 3323 446 3383 dum
468 3320 500 3385 in
521 3332 612 3383 tanam
633 3318 735 3380 sinum
757 3315 827 3398 fugi

27 3422 72 3483 Et
95 3443 146 3485 me
168 3421 316 3485 recuravi
338 3422 469 3506 otioque
491 3433 523 3484 et
545 3420 658 3483 urtica.
770 3462 783 3479 .

26 3523 139 3602 erare
158 3523 301 3589 relectus
324 3523 475 3587 maximas
497 3523 556 3586 tibi
580 3534 689 3606 grates

25 3627 125 3708 Ago,
151 3646 252 3688 meum
275 3628 362 3709 qarod
383 3647 447 3689 non
470 3647 504 3687 es
526 3626 591 3686 ulta
613 3633 792 3705 peccatum.
886 3664 888 3668 s

25 3728 98 3792 uae
119 3729 278 3808 deprecor
298 3727 384 3801 iam,
409 3726 437 3788 si
457 3725 579 3789 nefaria
603 3725 721 3805 scripta

25 3827 109 3890 Sesti
133 3849 289 3910 recenso,
317 3827 393 3911 quin
418 3827 624 3912 gravedinem
646 3837 676 3888 et
699 3825 807 3887 tussim

25 3929 99 3992 Non
124 3931 184 4006 ml,
210 3931 264 3991 sed
286 3929 349 4012 ipsi
372 3929 480 3993 Sestio
501 3930 586 3992 ferat
606 3928 729 4010 frigus,

24 4029 88 4108 Qui
109 4041 187 4095 laroc
209 4043 305 4095 vocat
326 4052 396 4106 me,
421 4051 518 4115 quom
542 4030 656 4091 malum
679 4030 794 4093 librum
813 4023 929 4114 legit..

453 4223 732 4239 m
