2736 4748
19 379 77 440 lam
103 375 404 464 mediasfgaliamque
427 379 562 455 samem,
588 402 684 465 quom
707 384 816 464 pulmo
841 383 981 447 Falerno

18 482 171 545 Arderet.
214 482 305 545 Nulli
327 481 430 545 maior
452 482 512 546 suit
534 504 609 545 usus
631 485 744 547 edendi

20 585 327 666 Tempestatejmea.
374 584 498 649 Circeis
522 597 594 648 nata
617 585 744 663 forent,
770 610 810 650 au
858 612 861 621 ’
1077 591 1138 652 tto

17 685 194 749 Lucrinum
217 688 256 748 ad
279 707 390 749 saxum
414 687 624 769 Rutupinove
648 689 729 751 edita
751 689 851 753 fundo

19 788 156 865 Ostrea,
181 789 319 851 callebat
340 787 446 870 primo
470 792 666 871 deprendere
688 812 798 857 morsu

17 892 58 952 Et
80 891 181 953 semel
204 890 346 972 adspecti
367 890 442 953 litus
465 890 588 954 dicebat
611 891 727 956 echini.

17 993 169 1076 Surgitur
191 1003 222 1055 et
245 992 341 1056 misso
364 1013 519 1074 proceres
541 992 630 1058 exire
651 994 801 1059 iubentur

17 1093 192 1172 Concilio,
219 1116 301 1179 quos
323 1095 484 1158 Albanum
507 1097 571 1157 dux
593 1119 724 1183 magnus
747 1099 778 1162 in
802 1120 905 1164 arcem
1079 1101 1138 1163 1115

19 1198 180 1260 Traxerat
204 1197 357 1261 attonitos
380 1209 411 1259 et
432 1197 582 1262 festinare
604 1211 755 1276 coactos,

18 1301 195 1383 Tamquam
219 1302 257 1362 de
282 1298 386 1363 Cattis
408 1299 530 1383 aliquid
552 1302 720 1386 torvisque
744 1303 920 1367 Sicambris

16 1400 189 1476 Dicturus3
212 1413 369 1483 tamquam
394 1400 531 1464 diversis
553 1403 698 1484 partibus
722 1405 811 1468 orbis

15 1501 318 1585 Anxiafpraecipiti
340 1503 480 1566 venisset
503 1503 639 1586 epistola
662 1528 778 1588 penna.

13 1608 128 1690 Atque
153 1606 269 1668 utinam
292 1605 340 1668 his
358 1605 468 1687 potius
489 1607 583 1690 uirgis
606 1619 672 1671 tota
695 1608 748 1671 iila
761 1610 908 1674 'dedisset
1079 1613 1140 1673 150
1168 1592 1172 1597 ⁴

15 1712 185 1790 Tempora
208 1707 379 1783 saevitiae,
404 1708 506 1771 claras
528 1710 645 1793 quibus
668 1712 797 1775 abstulit
819 1713 892 1776 urbi

13 1811 230 1893 Illustresque
252 1809 370 1873 animas
391 1810 519 1892 impune
542 1824 571 1873 et
596 1811 720 1876 vindice
742 1816 849 1878 nullo!

12 1913 78 1973 Sed
104 1911 217 1994 periit,
242 1922 413 1993 postquam
436 1913 630 1976 cerdonibus
653 1936 723 1977 esse
747 1916 900 1979 timendus

12 2012 201 2095 Coeperat3
224 2015 288 2077 hoc
310 2012 420 2077 nocuit
441 2013 624 2076 Lamiarum
648 2019 744 2079 caede
766 2019 913 2080 madenti.

374 2202 551 2266 SATIRA
575 2201 785 2267 OCTAVA.

56 2324 232 2384 Stemmata
256 2322 334 2405 quid
355 2321 497 2385 faciunt?
520 2322 595 2404 quid
617 2325 768 2404 prodest,
793 2325 948 2399 Pontice,
972 2326 1073 2408 longo

8 2423 181 2508 Sanguine
203 2423 343 2499 censeri,
368 2423 474 2506 pictos
497 2428 665 2488 ostendere
689 2426 795 2489 voltus

7 2528 183 2590 Maioruna
208 2538 239 2588 et
259 2537 379 2589 stantes
400 2526 432 2588 in
455 2528 602 2589 curribus
624 2527 820 2591 Aemilianos

5 2631 55 2692 Et
83 2627 208 2691 Curios
229 2628 289 2690 iam
313 2627 460 2692 dimidios
483 2631 681 2713 humeroque
704 2630 860 2693 minorem

6 2716 201 2795 Corvinum
224 2740 256 2792 et
279 2730 414 2792 Galbam
437 2729 583 2792 auriculis
606 2751 748 2813 nasoque
771 2730 954 2794 carentem?
1120 2735 1140 2794 5

4 2832 101 2913 Quis
123 2831 250 2894 fruetus
273 2832 399 2916 generis
422 2832 528 2892 tabula
550 2830 669 2893 iactare
692 2833 801 2912 capaci

3 2933 221 3010 Corvinum,
245 2935 382 3015 posthae
404 2932 503 2997 multa
523 2932 710 3016 contingere
733 2933 824 3017 virga

1 3116 92 3161 ch.
114 3139 148 3149 -
167 3114 276 3159 consilio
293 3113 407 3158 BCDEF.
427 3115 489 3169 Rup.
536 3115 598 3157 Tum
617 3114 691 3158 AG.:
711 3113 864 3172 Sigamdrie.
905 3111 963 3158 tta.
985 3113 1056 3159 Getis
1073 3118 1141 3160 multi

1 3188 77 3230 Cod.
105 3205 135 3215 -
156 3181 246 3228 Gothia
265 3197 348 3227 omnes
367 3183 424 3228 mei.
442 3207 478 3225 n
499 3179 578 3227 Cottia
596 3182 707 3226 firmatur
737 3197 751 3225 a
776 3183 857 3230 Schot.
878 3203 912 3215 -
927 3184 1048 3241 tertiaque
1075 3186 1138 3228 coni.

26 3256 112 3298 allae.
164 3250 223 3296 148.
244 3259 371 3310 turnprnm
388 3257 411 3295 et
429 3251 538 3296 diventa
557 3252 630 3296 Web.
651 3256 734 3296 contra
751 3256 843 3305 septem
861 3264 937 3295 meos.
982 3251 1041 3296 14⁴).
1060 3266 1143 3308 penna

6 3329 109 3367 'mnes
129 3321 188 3364 mei.
210 3342 240 3352 —
256 3321 340 3377 pinna
357 3321 419 3376 Rup.
440 3334 463 3364 v.
484 3322 560 3364 Hand.
581 3322 610 3363 ad
629 3320 707 3365 Gron.
726 3321 806 3364 Diatr.
825 3321 845 3364 1.
867 3318 889 3374 p.
911 3317 970 3364 480.
1016 3318 1074 3366 153.
1092 3323 1143 3366 Do·

0 3392 109 3436 nitiaai
144 3390 315 3434 interfectores
342 3390 450 3433 homines
478 3387 551 3433 infimi
583 3391 680 3446 generis
710 3390 814 3435 fuerunt.
845 3403 868 3432 v.
904 3388 971 3433 Suet.
996 3390 1066 3434 Dom.
1100 3389 1142 3435 17.

0 3458 74 3506 54.
109 3457 213 3502 Aetium
236 3457 352 3502 Lamiam
379 3458 531 3502 nobilissimo
558 3471 645 3515 genere
669 3464 749 3504 ortum
778 3459 927 3504 Dounitiaous
958 3458 1090 3513 occiderat.
1118 3473 1141 3506 v.

0 3534 82 3575 oet.
104 3528 181 3571 Dom.
204 3524 245 3570 10.

440 3633 556 3677 sartan
582 3633 723 3682 OCTAVA.

88 3731 114 3777 1.
135 3729 257 3775 Ponticus
276 3731 346 3775 nobis
364 3731 413 3774 iam
430 3733 535 3792 ignotus.
573 3731 598 3776 2.
614 3731 697 3788 pictos
716 3729 852 3774 ABCDFG.
871 3729 943 3784 preb.
963 3730 1049 3787 Pinzg.
1069 3753 1102 3766 -
1121 3737 1145 3775 et

0 3805 99 3847 ictor
118 3799 152 3843 E.
187 3823 212 3834 -
231 3800 363 3858 pictorque
380 3800 443 3857 Rup.
463 3802 536 3846 Weh.
586 3800 611 3849 lt.
640 3798 788 3858 kuineroque
813 3799 874 3843 (lod.
900 3797 1024 3842 Chemnic.
1047 3798 1144 3844 minans

2 3869 110 3915 'rateii
129 3869 196 3914 cont.
215 3882 261 3923 pro
282 3866 448 3929 hurneroeque
467 3884 502 3915 m.
521 3871 581 3927 Rup.
604 3870 677 3914 Web.
697 3866 819 3923 „detmero
836 3868 919 3912 minor
940 3873 992 3922 est,
1013 3869 1053 3925 qui
1065 3871 1142 3914 altero

10 3951 121 3985 umero
141 3943 208 3982 caret
231 3951 252 3983 a..
276 3938 344 3982 erius
364 3941 425 3985 atter
446 3941 560 3985 humerus
573 3940 696 3984 cantitatos
714 3943 759 3982 est.
806 3936 931 3983 Hmneroe
949 3938 1032 3982 minor
1051 3952 1079 3981 ne
1097 3952 1144 3981 non

1 4004 158 4069 dgnifieare
177 4007 272 4060 possit:
292 4008 397 4052 mutilata
415 4006 542 4063 humeris,
569 4015 594 4051 ut
611 4008 709 4050 voluere
727 4007 850 4062 interpp,
870 4021 1015 4066 magnopere
1033 4007 1145 4051 vereor.'’

0 4084 107 4135 'inzg.
157 4076 209 4122 Mei
234 4089 318 4122 oannes
346 4090 473 4131 perperam
498 4080 535 4121 sic
563 4076 666 4120 habent:
698 4087 835 4134 natumque
859 4077 981 4120 minorem
1006 4074 1105 4120 Corvini
1123 4080 1147 4118 et

0 4146 129 4192 albam
147 4144 276 4190 ruriculis
294 4157 405 4203 uncoque
423 4151 559 4189 carentem.
603 4143 627 4189 7.
647 4143 778 4188 Pensitatis
799 4145 927 4198 omnibus,
953 4158 1013 4201 qnae
1034 4144 1100 4188 deb.
1120 4154 1143 4186 r.

1 4219 174 4272 tispntarunt
191 4215 278 4272 Pinzg.
299 4219 323 4258 et
339 4213 429 4267 Web.,
462 4215 531 4257 huius
552 4214 685 4258 sententiae
707 4214 809 4266 accedo,
838 4216 900 4268 quod
921 4213 950 4253 ad
969 4225 992 4254 v.
1012 4208 1145 4253 Corvinum

23 4300 61 4332 m
89 4285 114 4331 ri
134 4285 266 4338 repetitum
275 4283 381 4334 attinet,
402 4288 427 4326 et
438 4295 491 4325 curn
509 4283 551 4325 nuo
569 4293 592 4325 r.
610 4282 760 4340 contingere
778 4282 836 4324 satis
854 4278 973 4321 firmatum
985 4291 999 4318 a
1018 4276 1061 4319 Cd.
1082 4276 1144 4318 Che·
