2736 4748
1093 162 1156 226 283

30 353 35 363 ›
145 312 292 380 XCVII.
332 312 520 390 Eiusdem,
544 333 591 376 ex
611 314 746 378 Graeco
767 315 933 379 Platonis.
959 317 1042 395 (55.)
1144 342 1148 349 ’

29 440 110 505 Lais
135 464 214 506 auris
240 443 366 506 Veneri
387 443 549 525 speculum
572 442 662 507 dieo:
686 441 813 526 dignum
839 445 955 507 habeat
976 467 1012 507 se

92 546 237 608 Aeterna
259 557 420 608 aeternum
442 545 548 609 forma
575 545 792 611 ministerium.

30 646 75 709 At
98 646 174 708 mihi
195 647 302 708 nullut
322 646 355 708 in
379 634 451 710 hoc
469 667 568 709 usus:
590 646 662 730 quia
686 666 817 710 cernere
840 651 954 727 talem,

92 747 207 827 Qualis
228 769 315 825 sum,
341 747 435 822 uolo;
458 747 561 832 qtralis
588 765 693 826 eram,
717 770 856 833 nequeo.

112 906 281 973 XCVIII·
310 904 495 980 Eiusdem,
519 927 567 967 ex
589 907 722 968 Graeco
744 901 937 989 Antipatri.
962 910 1067 987 (106.)

30 1016 197 1079 Emersam
223 1014 330 1098 pelagi
353 1036 454 1097 nuper
476 1016 666 1099 genitalibus
689 1015 780 1079 undis

93 1116 220 1197 Cypria
244 1115 373 1198 Apellei
396 1137 490 1178 cerne
512 1116 635 1180 laboris
659 1139 757 1198 opus;

30 1218 73 1281 Ut
95 1218 267 1297 complexa
291 1240 382 1281 manu
405 1217 547 1281 madidos
570 1218 644 1281 salis
667 1240 808 1303 aequore
833 1220 936 1283 crines

92 1319 276 1381 Humidulis
298 1341 425 1400 spumas
453 1320 580 1402 stringit
602 1322 875 1405 utraque'comis.

30 1409 93 1484 sam
119 1421 177 1481 tibi
200 1441 278 1494 nos,
305 1421 425 1502 Cypri,
450 1422 533 1485 Iuno
555 1421 657 1506 inquit
681 1434 711 1484 et
734 1422 849 1485 innuba
873 1425 1002 1500 Pallas,
1134 1429 1156 1490 5

91 1522 246 1586 Cedimus
269 1535 300 1585 et
325 1522 449 1586 formae
474 1523 613 1604 praemia
644 1523 825 1589 deserimus.

30 1682 158 1745 XCIX.
181 1679 357 1745 Eiusdem.
373 1684 414 1747 In
435 1683 568 1744 tantulo
582 1681 731 1745 hominis
738 1682 878 1775 felicis.
902 1684 1068 1767 (Epitaph.
1083 1688 1153 1767 35.)

30 1792 155 1872 Sparge
180 1811 270 1854 mero
293 1789 436 1873 eineres,
461 1793 542 1852 bene
565 1792 678 1854 olentis
705 1804 736 1859 et
758 1795 897 1876 irreguiue
919 1797 1029 1871 nardi,

90 1895 243 1973 Hospes,
268 1904 299 1955 et
323 1895 403 1955 adde
425 1892 506 1955 rosis
531 1895 669 1955 balsama
691 1894 844 1975 puniceis.

28 1993 228 2074 Perpetuam
251 1995 326 2057 mihi
347 2015 406 2057 ver
430 1990 495 2077 agit
520 1994 746 2058 illacrimabilis
759 1996 866 2072 urna,

88 2098 135 2158 Et
160 2097 350 2159 commutavi
373 2099 497 2172 secula,
522 2118 585 2160 uon
608 2095 687 2159 obii.

26 2197 126 2261 Nulla
150 2196 225 2260 milri
253 2197 373 2260 veteris
399 2198 563 2279 perierunt
586 2199 698 2282 gaudia
724 2198 825 2265 vitae:
1132 2206 1151 2267 5

89 2303 158 2363 Seu
185 2302 362 2365 meminisse
384 2313 477 2384 putes
502 2303 607 2365 omnia
631 2301 698 2363 sive
724 2302 813 2365 nihil.

57 2443 96 2503 0.
122 2440 301 2504 Eiusdem.
325 2444 551 2523 Sepulchrum
572 2439 655 2507 Cari
676 2462 831 2505 vacarem.
855 2442 1024 2526 (Epitaplr.
1049 2445 1120 2522 31.)

25 2551 86 2615 Me
110 2551 171 2614 sibi
197 2564 228 2614 et
249 2551 347 2616 uxori
373 2552 503 2615 eruatis
527 2574 693 2639 comnume
716 2555 920 2636 sepulchrum

91 2653 271 2743 Constituit
291 2675 378 2717 seras
401 2654 505 2717 Carus
528 2657 567 2717 ad
588 2638 768 2739 exsequias.

24 2754 162 2838 Iamque
185 2757 238 2819 diu
258 2768 458 2819 monumenta
485 2767 615 2832 vacant,
639 2756 743 2840 sitque
765 2756 825 2820 ista
849 2759 981 2842 quercla

89 2857 245 2939 Longior
268 2870 299 2920 et
320 2857 424 2920 veniat
448 2857 559 2921 ordine
584 2854 719 2943 quisque
737 2881 815 2935 suo,

22 2956 187 3022 anceudi
211 2959 265 3041 qui
288 2960 360 3043 lege
376 2961 492 3022 'datust
516 2960 738 3043 placidumque
762 2983 823 3044 pcr
845 2982 959 3025 neurim
1130 2966 1149 3026 5

91 3060 263 3125 Condatur
284 3073 359 3123 natu
382 3061 435 3144 qui
457 3061 573 3143 prior,
597 3062 649 3124 ille
671 3062 775 3143 prior.

22 3203 78 3265 01.
112 3199 319 3283 Augustini.
350 3203 497 3264 Mensae
518 3199 735 3283 inscriptam.
759 3201 909 3288 (Authol.
937 3204 980 3265 L.
1004 3204 1037 3267 3.
1063 3204 1150 3284 lul.)

24 3310 184 3392 Quisquis
205 3324 287 3374 aurat
309 3311 402 3375 dictis
429 3313 593 3374 absentum
616 3312 731 3375 rodere
757 3312 872 3390 vitam,

87 3415 188 3477 Hanc
208 3435 345 3476 mensam
369 3415 496 3477 vetitam
520 3413 645 3476 noverit
668 3435 737 3476 esse
760 3414 831 3478 sibi.

113 3555 193 3623 011.
233 3556 269 3623 V
266 3553 342 3623 etati
362 3553 490 3641 Agorii
512 3552 545 3617 el
568 3553 747 3617 Paulinae.
785 3556 944 3634 (Gunscus
972 3557 1070 3620 Mus.

403 3657 549 3741 Capitol.
573 3657 602 3719 I.
626 3678 661 3737 p.
686 3657 789 3736 108.)

423 3779 456 3842 A
478 3777 604 3840 dextro
625 3779 753 3840 lateret

111 3889 158 3952 D.
189 3887 242 3955 Μ.
270 3887 414 3955 Vettius.
443 3888 600 3972 Agorius.
625 3888 862 3953 Praetextatus.
885 3890 1151 3974 Augus-Ponti-

20 3990 92 4053 fex.
120 3992 255 4052 Vestae.
285 3992 453 4054 Pontifex.
479 3991 576 4055 Solis.
601 3990 862 4070 Quindeccmvir.
887 3993 1038 4058 Curialis.
1063 3996 1151 4054 Heu»

19 4093 115 4156 culis.
145 4092 308 4156 Sacratus.
339 4092 477 4156 Libero.
511 4095 568 4157 Et.
600 4093 774 4156 Eleusinis.
799 4094 1035 4175 Hierophauta.
1060 4096 1150 4155 Neo·

20 4206 137 4259 corus.
155 4199 185 4259 T
188 4196 422 4260 auroboliatus.
437 4198 549 4262 Pater.
566 4196 860 4265 Pamm‚..1n.1te.
877 4194 1022 4260 Publica.
1044 4196 1149 4257 Vero.
