2750 4744
190 193 193 198 ’
247 182 310 246 tat

306 340 482 422 Aureaque
504 333 652 399 Aesonio
674 343 766 417 terga
787 331 888 415 petita
911 330 1011 395 duci?

245 440 396 508 Carmina
419 437 562 501 sublimis
585 448 660 499 tunc
684 445 758 497 sunt
774 433 921 515 peritura
943 432 1099 507 Lucreti,

307 539 420 604 Exitio
442 550 546 604 terras
570 557 668 619 quom
691 534 778 597 dabit
800 554 860 596 una
884 534 966 597 dies.

246 642 381 722 Tityrus
403 653 435 704 et
457 648 587 722 segetes
610 638 797 717 Aeneiaque
819 656 905 697 arma
929 636 1094 719 legentur,

308 744 433 817 Roma,
457 736 643 819 triumphati
665 738 738 798 dum
759 746 856 817 capnt
879 735 969 798 orbis
992 736 1070 798 eris.

245 844 361 908 Donec
383 851 477 904 erunt
497 839 588 922 ignes
609 857 767 918 arcusque
790 833 958 916 Cupidinis
984 855 1095 910 arma,

309 944 481 1008 Discentur
502 938 644 1014 numeri,
670 937 754 999 culte
778 935 927 1013 Tibulle,
951 937 1009 999 tni.

248 1045 361 1109 Gallus
383 1056 416 1107 et
436 1040 607 1124 Hesperiis
630 1049 664 1102 et
684 1038 795 1100 Gallus
818 1049 914 1100 notus
940 1037 1021 1101 Eois

309 1148 354 1209 Et
374 1167 431 1207 sna
453 1165 523 1206 cnm
551 1141 647 1204 Gallo
671 1151 746 1202 nota
769 1139 911 1218 Lycoris
935 1139 1007 1202 erit.

168 1248 170 1252 ’
247 1249 342 1332 Ergo
365 1267 462 1328 quom
484 1243 611 1316 silices,
634 1262 731 1326 quom
754 1242 831 1303 dens
852 1238 1002 1322 patientis
1029 1234 1130 1303 aratri

309 1349 494 1428 Depereant
516 1365 617 1420 aevo,
641 1340 780 1404 carmina
803 1353 906 1404 morte
929 1353 1050 1403 carent.

249 1448 375 1513 Cedant
398 1445 587 1510 carminibus
608 1464 703 1527 reges
725 1463 904 1526 regumque
927 1441 1105 1523 triumpbi;

313 1548 417 1613 Cedat
439 1559 471 1610 et
492 1545 625 1609 auriferi
650 1545 720 1627 ripa
742 1545 837 1607 beata
858 1543 957 1627 Tagi.

247 1648 337 1714 Vilia
360 1648 493 1715 miretur
515 1648 655 1729 vulgus3
676 1645 751 1709 milri
772 1645 875 1707 flavus
898 1645 1022 1726 Apollo

313 1751 436 1813 Pocula
459 1747 618 1812 Castaliae
640 1747 732 1828 plena
754 1745 912 1808 ministret
932 1767 1056 1829 aquae,

250 1850 490 1933 Sustineamque
512 1869 603 1913 corna
626 1859 817 1911 metuentem
834 1846 962 1931 frigora
985 1859 1143 1926 myrtum,

309 1953 420 2034 Atque
442 1973 459 2014 a
481 1949 621 2015 sollicito
644 1950 758 2013 multus
781 1958 906 2011 amante
928 1950 1032 2033 legar.

248 2052 398 2117 Pascitur
418 2051 450 2114 in
472 2050 557 2113 vivis
579 2049 705 2124 Livor;
728 2061 805 2132 post
827 2048 894 2111 sata
919 2050 1078 2133 quiescit,

311 2153 419 2233 Quom
442 2173 516 2215 suns
539 2173 580 2214 ex
602 2150 716 2214 merito
739 2172 898 2234 quemque
919 2161 1026 2214 tuetur
1047 2153 1169 2217 bonor.

248 2255 341 2339 Ergo
364 2253 476 2329 etiarn,
501 2274 598 2337 quom
621 2273 672 2316 me
691 2272 858 2333 supremus
881 2252 1023 2315 adederit
1044 2253 1146 2336 ignis,

269 2398 273 2404 ·
311 2355 428 2418 Vivam
451 2375 589 2439 parsque
612 2352 673 2417 mei
695 2353 792 2416 mtrlta
814 2365 978 2435 superstes
1001 2353 1078 2417 erit.

479 2539 632 2605 amon.
654 2539 736 2599 ιιι.
757 2537 830 2625 ιιι.Δ
868 2537 1047 2601 nuncin
1069 2537 1137 2600 ix.

248 2659 427 2722 Memnona
448 2643 477 2720 si
498 2671 617 2734 mater,
642 2669 741 2721 mater
761 2656 904 2739 ploravit
925 2656 1105 2731 Achillem,

311 2763 356 2823 Et
375 2771 511 2843 tangunt
533 2778 664 2842 magnas
685 2758 787 2821 tristia
811 2757 877 2820 sata
900 2761 995 2833 deas,

248 2862 381 2947 flebilis
402 2860 567 2944 indignos,
591 2860 747 2942 Elegeia,
772 2859 864 2923 solve
886 2860 1030 2940 capillos.

312 2961 366 3025 Ab
389 2960 479 3023 nimis
501 2982 541 3023 ex
564 2981 644 3023 vero
667 2981 751 3028 ptine
772 2960 831 3022 tibi
855 2981 970 3024 nonien
992 2959 1075 3024 erit!

247 3064 309 3129 Ille
331 3063 377 3126 tni
400 3062 640 3143 vates-operis,
665 3072 718 3124 tua
738 3061 840 3137 lania,
863 3061 1012 3125 Tibullus
1340 3063 1354 3124 l

316 3260 360 3307 23,
379 3262 480 3307 subtilla
497 3264 580 3306 Barth.
603 3263 668 3308 coni.
717 3259 759 3307 21.
779 3262 831 3306 imo
850 3263 915 3307 Seal.
935 3262 980 3307 cfr.
1001 3204 1121 3318 purifi,
1142 3260 1185 3309 96.
1235 3260 1277 3309 25.
1296 3272 1354 3320 aege·

247 3338 284 3377 tea
303 3331 379 3374 Codd.
394 3331 455 3374 Edd.
473 3336 544 3385 vett„
565 3336 590 3374 ut
615 3332 757 3386 respiciatur
779 3332 872 3376 initium
893 3330 1040 3390 Georgicon.
1052 3327 1151 3391 fruges
1167 3346 1198 3376 ει
1220 3333 1276 3376 allis
1292 3330 1352 3376 cont.

246 3400 362 3455 praetulit
382 3396 464 3443 Heius.
519 3397 562 3444 26.
581 3401 631 3443 erit
648 3400 717 3444 lehn.
771 3399 814 3446 29.
834 3400 962 3444 Cornelius
987 3400 1279 3453 Gallusl'oroinliensis,
1298 3411 1352 3456 qnae·

247 3470 295 3513 sita
306 3471 384 3512 morte
397 3469 580 3526 quadragesimo
597 3471 681 3513 aetatis
694 3482 756 3512 antro
767 3469 827 3515 obiit
840 3468 974 3523 praelectus
986 3470 1105 3528 Aegypto.
1121 3485 1145 3515 a.
1160 3484 1184 3514 n.
1201 3484 1225 3514 c.
1240 3466 1299 3516 728.
1314 3466 1354 3510 Cir·

167 3578 173 3589 ,
246 3541 316 3595 Vir-g.
335 3536 389 3581 Ecl.
412 3535 436 3592 6,
458 3533 498 3580 61.
519 3536 571 3580 Ecl.
594 3533 635 3580 1⁰.
692 3534 734 3581 31.
754 3536 865 3597 benigno
883 3538 942 3591 alil,
971 3539 987 3585 i.
1008 3553 1030 3583 c.
1054 3538 1159 3595 fertilis;
1183 3538 1273 3591 beuta,
1294 3537 1353 3580 dives·

247 3604 290 3651 36.
311 3603 425 3649 castatis
444 3629 453 3640 ·
472 3618 538 3663 equo
556 3606 673 3662 plerique.
710 3607 791 3659 ,Fere
816 3616 911 3659 semper
938 3604 1009 3651 ovid.
1027 3607 1133 3663 plenum
1152 3621 1205 3651 curn
1231 3620 1287 3664 geu.
1312 3616 1353 3647 con·

246 3674 344 3719 struit.''
362 3673 446 3716 lleins.
502 3671 545 3717 to.
565 3672 636 3717 Tunc
654 3674 718 3728 Alli,
739 3676 801 3718 unde
820 3673 892 3717 lanu:
913 3673 988 3719 Tum.
1049 3673 1092 3720 42.
1112 3676 1193 3720 multo
1212 3675 1290 3719 Codd.
1308 3671 1353 3716 Eil-

246 3746 306 3790 vett.
326 3741 410 3784 Burin.
431 3764 464 3774 -
483 3755 578 3802 inagna
597 3756 609 3787 e
628 3742 703 3787 Ccdd.
725 3740 750 3787 2.
770 3742 833 3786 ctos.
853 3743 938 3787 lleins.

593 3846 695 3892 AMOR.
714 3848 770 3891 Lan.
791 3848 836 3892 tlt.
863 3847 960 3895 ΕΒΚΘ.
981 3848 1036 3892 lx.-

318 3936 360 3985 tt.
380 3939 484 3999 castris]
498 3946 579 3998 plures
597 3943 684 3998 coru,
705 3945 767 4000 quod
786 3945 880 3987 collatis
894 3945 965 4002 Vir-g.
985 3943 1047 3988 Aen.
1070 3939 1112 3997 ld,
1134 3942 1193 3990 6³5.
1214 3950 1240 3990 et
1263 3943 1317 3987 Tib.
1334 3937 1354 3989 22

246 4012 277 4064 5,
298 4008 341 4056 tt.
363 4011 442 4066 utique
470 4012 652 4064 praeferendum
680 4011 813 4062 videbatur.
839 4013 911 4056 tectis
938 4014 1021 4071 vulgo.
1090 4011 1132 4058 tt.
1154 4019 1248 4070 putant
1268 4012 1313 4055 Ed.
1330 4021 1354 4063 pr·

246 4079 348 4123 Tibulli.
372 4091 396 4121 v.
418 4078 524 4131 Disseuii
544 4079 666 4130 supplem.
689 4080 717 4120 ad
739 4080 830 4123 Wund.
850 4081 888 4124 ed.
909 4094 932 4135 p.
955 4079 996 4125 62.
1017 4095 1062 4137 qua
1088 4082 1117 4139 de
1136 4096 1163 4126 re
1188 4082 1237 4126 cfr.
1257 4079 1341 4124 lleindo

245 4144 378 4190 ad'llorat.
398 4145 477 4187 Serui.
499 4143 532 4196 1,
553 4141 583 4196 4,
616 4140 658 4187 21.
688 4144 822 4191 Gernbard.
846 4144 881 4192 et'
894 4150 975 4192 Beier.
1002 4150 1030 4192 ad
1055 4149 1109 4193 Cic.
1135 4154 1163 4194 de
1183 4151 1227 4194 off.
1251 4149 1274 4205 l,
1296 4140 1349 4199 2,⁵

246 4210 289 4257 23.
309 4212 346 4254 lta
375 4213 403 4253 de
425 4211 488 4256 conl.
512 4211 575 4253 scal.
598 4215 621 4252 et
648 4211 730 4258 Heius.
758 4213 835 4261 Codd.
857 4218 972 4261 meliores
999 4222 1099 4275 utroque
1135 4221 1190 4264 loco
1213 4217 1248 4263 Et
1277 4216 1349 4262 Linon
