2772 4750
226 178 289 241 424
546 244 548 251 Α

223 334 331 391 stantis
359 342 389 388 et
412 332 627 406 praecipientis
651 338 683 380 ut
700 333 788 380 matri
802 337 973 398 parcerent,
995 327 1166 385 adulterum
1178 332 1334 406 paullisper
1361 316 1362 325 ¹

225 442 354 498 corpore
389 442 444 478 suo
474 423 616 496 protexit.
669 419 737 490 Quo
767 420 941 487 interfecto,
972 419 1121 476 Berenice
1154 433 1184 478 et
1209 434 1335 498 stuprum

224 518 328 572 matris
364 515 449 570 salva
481 517 592 586 pietate
634 510 695 566 ulta
734 521 780 566 est
817 521 847 566 et
889 512 922 565 in
942 513 1149 574 ‚matrimonio
1188 518 1334 573 sortiendo
1362 540 1363 547 ¹

227 608 370 663 iudicium
387 606 483 679 patris
503 603 637 660 secuta.”
686 596 691 601 ’
1084 615 1088 623 ’

280 699 341 754 Per
366 698 444 752 idem
469 707 585 768 tempus
611 694 736 761 (lustin.
753 701 805 760 27,
822 699 856 762 t,
872 699 913 760 2.)
933 692 1077 750 Seleucus
1095 696 1134 751 11.
1158 696 1332 766 Callinicus,

225 790 367 846 Antiochi
384 789 423 843 ΙΙ.
440 787 536 853 lilius,
566 804 729 841 novercam
748 784 916 840 Berenicen
933 786 973 840 11.
996 786 1164 861 Euergetas
1185 808 1333 855 sororem,
1363 834 1364 839 ,

224 893 319 937 matre
333 881 463 936 L'aodice
481 881 667 953 instigatrice
684 877 839 949 (Polyaen.
852 884 880 946 8,
895 882 957 945 50.)
975 880 1145 945 interfecit,
1161 899 1256 954 quam
1267 882 1334 936 ultu-

225 974 473 1047 rus'Evergetes,
496 974 544 1046 qui
559 990 586 1025 a.
603 973 668 1028 2't6.
685 971 763 1043 patri
782 981 985 1037 successerat,
1002 972 1032 1025 in
1049 970 1171 1042 Syriam
1190 974 1334 1044 protectus

225 1077 286 1132 est;
309 1065 361 1120 sed
378 1083 468 1139 quum
484 1063 594 1117 multae
612 1063 671 1116 iam
691 1062 829 1117 civitates
847 1063 884 1118 ad
905 1081 971 1117 eum
991 1063 1192 1129 deiecissent,
1217 1048 1296 1129 l2l2)
1309 1067 1334 1119 iu

191 1208 197 1215 .
224 1160 395 1230 Aegyptum
409 1156 571 1210 domestica
592 1152 738 1208 seditione
752 1164 910 1209 revocatus
929 1165 984 1208 est.
1007 1156 1089 1221 (241)
1105 1155 1185 1209 Tum
1201 1154 1333 1211 Seleucus

224 1251 311 1322 regni
331 1258 434 1320 parte,
469 1263 557 1319 quam
581 1246 738 1309 amiserat,
768 1256 907 1315 recepta,
941 1245 1022 1300 ultro
1042 1243 1152 1300 bellum
1172 1247 1335 1327 Ptolemaeo
1365 1288 1366 1329 ,

225 1339 345 1404 intulit,
380 1337 432 1391 sed
452 1338 547 1390 victus
571 1333 687 1407 proelio
707 1334 898 1415 Antiochiam
922 1335 1065 1407 confugit.
1106 1337 1181 1391 lude
1201 1339 1336 1395 Antiochi

226 1430 383 1494 Hieracis,
421 1426 636 1481 adolescentuli
668 1444 816 1480 annorum
841 1424 925 1481 XIV.
953 1444 1039 1498 opem
1066 1428 1262 1499 imploravit,
1293 1433 1334 1505 qui

227 1522 385 1575 occasione
404 1527 523 1591 arrepta
544 1517 670 1583 auxilia,
693 1533 767 1591 quae
784 1528 881 1572 astute
902 1519 1100 1590 promiserat,
1122 1536 1159 1573 eo
1175 1518 1242 1575 fine
1258 1541 1336 1595 para-

226 1614 287 1678 vit,
308 1621 341 1666 ut
356 1611 480 1665 fratrem
501 1627 594 1681 regno
614 1610 758 1681 privaret.
783 1608 964 1677 'Euergetes
984 1618 1098 1676 autem,
1121 1630 1218 1685 eluunt
1239 1615 1336 1668 Antio-
1367 1606 1368 1675 l

226 1705 314 1761 chum
338 1705 368 1757 in
397 1701 538 1756 auxilium
559 1699 685 1754 Seleuco
705 1702 809 1755 venire
830 1701 1038 1772 cognovisset,
1072 1720 1109 1756 ne
1137 1721 1208 1757 cum
1231 1704 1335 1781 duolms

228 1815 289 1851 nno
308 1806 443 1868 tempore
464 1793 637 1858 dimicaret,
671 1794 703 1846 in
732 1810 827 1846 annos
858 1791 961 1847 decem
996 1810 1064 1846 cum
1088 1792 1220 1849 Seleuco
1243 1815 1337 1869 pacem
1367 1808 1368 1849 3

226 1889 307 1943 iecit.
348 1887 430 1941 Haec
448 1888 547 1940 oninia
568 1895 650 1957 gesta
669 1883 810 1938 videntur
831 1884 912 1937 intra
934 1901 1029 1937 annos
1048 1885 1211 1946 att—259.
1234 1906 1336 1943 secun-

228 1979 298 2036 dum
317 1976 650 2050 champollion-Figere
670 1960 706 2029 T.
723 1982 749 2029 2.
769 1994 799 2047 p.
815 1979 882 2032 591.

275 2071 566 2143 Paulloigiturante,
581 2066 1176 2139 qnamEvergetesprimumillamcontra
1186 2069 1338 2125 Seleucum

228 2155 446 2228 expeditionem
471 2167 663 2228 suscepturus
679 2166 774 2224 esset,
796 2157 941 2212 Berenice
956 2158 1061 2232 Magne
1077 2157 1155 2225 filia,
1187 2162 1339 2238 Edepye'ne

228 2247 308 2303 dicta
325 2246 517 2302 Eratostheni
538 2248 649 2303 Catast.
670 2257 711 2303 12.
733 2256 774 2313 (v.
796 2248 958 2303 Buttmann
981 2249 1116 2304 Museum
1137 2251 1192 2305 der
1213 2253 1338 2307 Alterth.

228 2339 323 2396 Wiss.
341 2346 373 2406 2,
399 2349 428 2403 t,
453 2339 583 2412 p.1rt.)
614 2339 778 2413 Euergetas
801 2340 917 2394 videtur
939 2342 1092 2412 nupsisse,
1123 2352 1200 2396 teste
1223 2343 1340 2416 Hygino

228 2431 406 2486 Astronom.
428 2434 507 2503 poe't.
529 2428 596 2485 Lib.
615 2436 642 2484 2.
665 2432 699 2486 C.
722 2431 768 2486 24.
802 2450 860 2506 quo
885 2449 922 2486 ex
948 2431 1016 2487 loco
1044 2432 1195 2507 reliquum
1229 2454 1340 2510 quoque

229 2523 374 2578 carminis
395 2532 602 2595 argumentum
616 2521 802 2597 aliquatenus
823 2522 959 2596 expediri
975 2532 1088 2596 potest,
1111 2527 1167 2579 etsi
1188 2529 1272 2582 veris
1295 2528 1343 2582 ad-

228 2615 335 2670 miscet
353 2614 512 2669 fulsissima
533 2613 692 2687 quaedam,
716 2616 745 2667 in
766 2612 825 2668 line
843 2617 1021 2686 praesertim
1040 2617 1249 2683 narrationis,
1272 2637 1342 2693 quae

229 2706 367 2764 consulto
388 2706 662 2778 praetermittimus.
704 2707 813 2773 ,siena
836 2707 948 2780 inquit,
971 2707 1039 2760 VII.
1055 2708 1154 2757 stellae
1174 2710 1217 2758 ad
1228 2711 1343 2759 caudam

228 2800 331 2853 Leonis
349 2805 379 2849 in
403 2798 549 2864 triangulo
568 2798 735 2861 collocatae,
764 2815 833 2866 peras
856 2802 961 2848 crinem
986 2799 1135 2849 Berenices
1162 2817 1224 2850 esse
1251 2802 1344 2852 Conon

228 2888 341 2938 Saenius
360 2889 574 2941 mathematicus
594 2897 622 2939 et
638 2887 826 2940 Callimachus
844 2891 930 2948 dicia·
950 2907 1031 2958 qrcrcm
1054 2889 1235 2940 Ptolemaeus
1256 2893 1343 2942 Bere-

229 2984 326 3044 nicen,
360 2979 513 3029 Ptolemaei
536 2987 565 3029 et
591 2984 727 3031 Arsinoes
746 2977 844 3049 filiam
867 2984 920 3047 (·—·
939 2979 1078 3034 videlicet
1098 2980 1273 3037 Berenicen
1291 2984 1341 3038 Ill.

229 3070 434 3143 Cyrenensem
461 3087 529 3123 cum
561 3068 705 3124 Berenice
729 3070 768 3123 ll.
797 3071 962 3143 Euergetas
987 3088 1147 3144 germana,
1178 3083 1196 3124 a
1220 3072 1343 3129 Seleuco

228 3161 377 3217 trucidata
391 3160 547 3216 confundit
568 3167 620 3227 7)
640 3179 766 3211 sororem
785 3179 880 3225 sicam,
901 3162 1029 3213 deiecisset
1048 3180 1182 3227 taxarem,
1204 3174 1234 3215 et
1250 3171 1346 3234 parneis

224 3262 291 3324 post
316 3252 410 3303 diebus
431 3254 531 3301 Asiam
551 3261 742 3322 oppugnatum
758 3251 908 3321 profectus
926 3263 1014 3319 esset,
1041 3259 1155 3303 vovisse
1175 3254 1345 3318 Berenicen,

227 3350 253 3395 si
277 3348 372 3393 victor
397 3342 574 3392 Ptolemaeus
599 3343 744 3408 rediisset,
775 3362 804 3394 se
833 3344 1013 3395 dctonsuram
1041 3350 1165 3404 crinern;
1198 3364 1255 3414 qrro
1281 3356 1346 3398 voto

228 3435 394 3486 damnatam
422 3439 526 3484 crinem
557 3438 586 3483 in
608 3434 728 3485 Veneris
752 3437 888 3485 Arsinoes
907 3435 1102 3507 Zephyritidis
1120 3443 1251 3506 posuisse
1276 3448 1346 3490 tern-

225 3529 292 3598 plo,
321 3545 433 3596 eumque
455 3533 571 3595 postero
593 3524 711 3575 dienen
732 3512 950 3595 comparuisse,·⁰
963 3526 1040 3596 prend
1052 3527 1170 3596 facttum
1189 3547 1279 3597 quum
1299 3548 1346 3580 ren

227 3636 316 3686 aegre
326 3616 444 3688 ferret,
476 3616 573 3668 Conon
593 3614 807 3666 mathematicus
828 3645 863 3658 ·-
890 3623 1002 3686 cupiens
1023 3623 1095 3668 inire
1117 3625 1250 3686 gratiam
1274 3626 1347 3687 regis

227 3711 320 3774 dixit,
341 3714 445 3759 crinem
464 3712 540 3757 inter
560 3707 656 3757 sidera
674 3708 767 3758 videri
786 3709 969 3772 collocatum,
990 3718 1018 3759 et
1037 3710 1173 3779 qecasdam
1200 3729 1315 3762 vacuas
1333 3730 1349 3761 a

221 3801 329 3876 figura
345 3808 448 3869 septem
465 3799 564 3849 stellas
583 3799 722 3865 ostendit,
742 3818 811 3869 qreas
829 3817 887 3849 esse
899 3798 1032 3870 fingeret
1051 3807 1154 3851 crinem
1175 3812 1234 3856 cet.

284 3893 367 3967 Ergo
387 3890 602 3956 Callimachus,
623 3892 715 3944 totius
737 3891 868 3945 fortasse
881 3892 1029 3948 mendacii
1051 3893 1160 3947 artifex
1181 3895 1226 3965 (v.
1244 3894 1350 3949 Valch.

228 4006 258 4059 p.
276 3984 338 4051 tt.)
356 3992 390 4037 ut
411 3981 603 4036 callidissime
628 3980 750 4054 regibus
775 3984 931 4058 amicoque
957 3983 1077 4039 Conoui
1102 3982 1351 4058 gratificaretur,

228 4094 284 4148 per
296 4076 472 4130 universum
487 4087 608 4125 carmen
619 4087 734 4124 aoniam
744 4073 1026 4151 κατηστερισμένην
1039 4077 1138 4131 vicem
1148 4095 1236 4133 suam
1248 4078 1353 4133 dolere

231 4167 313 4222 iacit.
346 4164 395 4219 Ex
410 4179 502 4218 versu
521 4169 619 4219 nutem
640 4168 686 4218 11.
706 4161 814 4218 collato
832 4183 899 4220 cum
917 4172 964 4222 22.
979 4184 1054 4220 novo
1070 4156 1136 4222 ino
1156 4169 1275 4245 liquet,
1299 4168 1354 4226 suh
