2762 4762
381 344 473 407 Illius
494 343 588 406 labor
611 352 659 407 est
682 340 790 406 nobile
810 339 980 422 pabulatur

382 443 526 511 Acclinis
543 443 648 529 clipeo
670 441 850 525 porrigitur
872 440 980 526 quies;

425 548 644 629 Accenditque
663 536 822 628 soporem

466 648 552 713 Belli
574 649 666 712 dulce
687 647 876 729 periculum.

383 772 449 833 Iam
473 791 543 833 crim
566 767 697 831 sidereis
720 767 785 831 otia
807 764 981 841 fratribus,

382 875 447 936 lam
469 892 543 961 ctum
565 867 749 944 fulminibus
772 868 894 951 proelia
917 866 1046 942 dividit;

424 971 632 1057 [australique
655 971 813 1034 Tonantis

434 1154 443 1161 ·
468 1074 574 1139 Gestit
595 1074 717 1137 sulfure
740 1071 901 1158 spargier.

383 1199 489 1278 Supra
508 1196 575 1258 sata
597 1215 700 1277 rapax
723 1193 837 1256 tollere
859 1213 913 1267 se,
938 1194 1045 1255 domat

383 1297 552 1363 Formosis
573 1295 722 1359 humilem
745 1298 804 1358 sub
826 1293 961 1376 pedibus
989 1305 1117 1358 mettun.

427 1400 461 1463 Si
484 1402 626 1463 Fortuna
649 1398 795 1472 lacessit,

469 1502 628 1567 Constans
651 1499 796 1588 adiicitur
817 1498 890 1563 sibi.

384 1626 448 1698 At,
474 1643 571 1707 quom
592 1622 750 1703 pulvereo
772 1621 872 1684 inurat
893 1624 933 1684 ab
957 1642 1117 1708 aequore,

384 1725 515 1807 Corpus
537 1745 600 1787 non
626 1722 729 1807 gelida
751 1723 888 1788 fluminis
910 1723 1027 1786 abluit:

427 1830 491 1890 Sed
511 1828 628 1890 sudore
650 1825 795 1901 lavatur,

468 1929 630 2011 Neglectu
651 1929 722 1991 Dea
745 1927 923 2009 pulchrior.
988 1972 991 1981 ·

385 2048 468 2113 Auri
489 2049 572 2110 nuilla
596 2048 715 2122 lomes,
746 2048 830 2109 nulla
852 2048 919 2110 sitis
941 2047 1034 2110 lucri.

385 2149 587 2234 Dedignatur
608 2152 734 2212 humum
757 2150 859 2231 {igere
879 2149 1024 2231 spiculis.
1105 2161 1109 2173 ’

427 2257 534 2320 Arcus
557 2262 625 2316 tota
648 2252 764 2334 cupido

335 2334 344 2349 ⁶
470 2357 594 2420 Metam
615 2355 717 2418 fertur
739 2353 770 2417 in
793 2357 936 2418 ardenam.

384 2475 599 2539 Proluittente
620 2496 728 2537 necem
754 2476 887 2539 volnere
910 2472 1052 2558 gloriae,

384 2576 508 2660 Migrat
530 2596 600 2638 cum
623 2577 753 2641 domino
774 2578 837 2639 fida
859 2599 968 2642 comes
990 2599 1071 2642 suo:

316 2748 321 2765 1
427 2678 611 2761 Heredique
634 2680 781 2761 superbit

471 2780 590 2864 Linqui
611 2802 670 2844 ceu
692 2781 828 2862 spolium
852 2782 962 2866 pigro.

597 3098 716 3162 xvu.
750 3083 954 3163 poian

217 3216 412 3299 scripturus
440 3217 623 3280 historiam
658 3218 712 3280 sui
739 3214 906 3301 ternporis
941 3221 1179 3287 VERI'I'ATI
1205 3218 1332 3281 nudam

506 3337 605 3378 aram
624 3317 737 3398 ponit.
771 3318 821 3382 M.
836 3316 913 3380 Dc.
928 3317 1044 3380 XLII.

350 3464 355 3477 ¹
388 3455 520 3533 Qualem
543 3455 688 3517 Noe‘mus
712 3454 872 3518 montibus
894 3456 990 3519 altior

337 3546 340 3549 ¹
386 3557 594 3640 Enavigatis‚
628 3557 750 3620 Oceani
771 3556 863 3619 simul

429 3658 579 3721 Subsedit
602 3670 722 3734 aestus,
747 3659 853 3722 fertur
875 3680 961 3721 aram

470 3762 523 3823 Ex
545 3761 675 3824 rudibus
699 3759 846 3824 statuisse
869 3761 972 3843 saris:

386 3899 449 3961 ch
469 3916 558 3981 pono
581 3903 737 3983 supplex,
762 3923 782 3965 ο
805 3901 892 3974 Dea,
917 3900 1082 3981 pulchrius
1313 3901 1329 3959 5
1364 3892 1365 3959 i

387 4001 497 4063 Soluta
520 4001 641 4075 crines,
666 4003 786 4065 rustica
810 4004 975 4065 Vanrrus.

388 4103 391 4111 '
429 4102 505 4163 Non
530 4101 672 4163 Atticum
694 4105 849 4183 promitto
873 4127 1014 4170 marmor

472 4202 553 4264 Arte
577 4204 704 4283 Scopae
728 4205 881 4270 variatum
904 4221 936 4272 et
959 4229 1056 4282 atrro,
1095 4251 1100 4256 -
