2762 4762
221 199 285 265 338

286 350 365 443 μηδ’
389 350 482 431 έκτός
499 352 618 438 βελέων
636 370 762 415 εστατω
781 336 894 410 ασπιδ
912 362 1003 427 εχων.

224 452 310 526 άλλά
335 481 386 534 τις
407 452 502 541 έγγτλς
526 449 600 532 ι’ών,
621 443 820 534 αὐτοσχεδὸν
844 443 933 530 ἔγχεϊ
948 437 1065 529 μακρά

286 555 309 640 ἢ
330 558 415 649 ξίφει
440 551 603 635 οὐτάζων,
626 547 719 632 δήιον
739 542 827 635 ἄνδρ’
852 549 969 610 έλέτω·
1294 535 1329 596 30

224 665 281 727 καὶ
301 655 390 726 πόδα
411 655 479 744 πάρ
500 657 576 722 ποδι
597 653 691 732 θείς,
712 654 766 716 καί
788 644 833 713 ἐπ’
860 642 1000 720 ἀσπίδος
1019 633 1135 707 ἀσπίδ’
1160 636 1294 727 ἐρείσας,

288 763 322 828 έν
342 763 378 826 δέ
400 754 508 849 λόφον
529 780 564 823 τε
586 750 681 844 λόφῳ
706 755 761 818 καλ
780 751 894 828 κυνέην
914 749 1009 838 κυνέη

225 867 282 930 καί
303 864 438 951 στέρνον
456 861 578 948 στέρνῳ
600 856 818 938 πεπλημένος,
840 846 935 937 ἀνδρί
954 847 1114 934 μαχέσθι.
1122 890 1132 922 ,·

291 959 313 1044 ἢ
334 962 446 1052 ξίφεος
466 957 577 1039 κώπην
597 952 618 1039 ἢ
640 951 722 1045 δόρυ
744 949 874 1039 μακρόν
894 944 984 1016 έλών.

228 1060 321 1151 ὑμεῖς
342 1057 396 1142 δ’,
418 1049 443 1127 ὦ
466 1059 642 1146 γυμνῆτες,
663 1051 721 1123 ὑπ’
745 1051 884 1130 ἀσπίδος
909 1048 1059 1115 ἄλλοθεν
1077 1041 1179 1120 ἀλλος
1295 1040 1328 1101 35
1354 1072 1355 1139 χ

273 1159 511 1239 Ιπτώσσοντες,
533 1154 689 1247 μεγάλοις
713 1151 850 1242 βάλλετε
872 1151 1080 1241 χερμαδίοις,
1354 1152 1355 1159 ’

227 1260 367 1360 δοάρασὶ
386 1288 421 1331 τε
438 1264 599 1344 ξεστοῖσιν
620 1256 842 1337 ἀκοντίζοντες
864 1255 896 1331 ές
915 1246 1053 1330 αὐτούς,

290 1371 379 1433 τοῖσι
399 1363 618 1439 πανοπλίταις
636 1359 775 1442 πλησίον
797 1351 975 1441 ἱστάμενοι.

759 1542 810 1608 11.

232 1684 313 1757 (δότ’
337 1683 380 1757 ἀν
399 1683 600 1776 μνησαίμην,
615 1678 693 1751 ου’τ’
718 1682 752 1749 έν
769 1676 857 1769 λόγῳ
880 1673 986 1765 ἀνδρα
1005 1673 1179 1760 τιθείμην,

293 1786 368 1857 οὔτε
390 1788 500 1856 ποδῶν
520 1782 653 1876 ἀρετῆς,
675 1779 750 1853 οὔτε
772 1773 1061 1865 παλαισμοσύνης,

229 1886 304 1960 οὐδ’
327 1885 359 1957 εί
377 1881 569 1955 Κυκλώπων
591 1892 653 1973 μέν
672 1883 741 1972 ἔχοι
762 1876 908 1969 μέγεθός
930 1902 964 1945 τε
983 1881 1059 1962 βίην
1081 1898 1130 1954 τε,

292 1985 394 2082 νικῴη
419 1988 455 2056 δέ
476 1989 569 2054 θέων
596 1985 752 2075 θρηίκιον
773 1985 920 2072 Βορέην,
985 1996 989 2003 ‘

229 2088 302 2162 οὐδ’
327 2089 359 2158 εί
381 2092 553 2157 Τιθωνοῖο
575 2083 664 2178 φυὴν
680 2087 892 2175 χαριέστερος
909 2083 974 2163 είη,

292 2191 451 2273 πλουτοίη
472 2192 507 2256 δέ
530 2190 643 2255 Μίδεω
665 2192 721 2252 καὶ
745 2180 897 2274 Κινάραο
920 2185 1035 2260 πλέον,

231 2289 304 2362 οὐδ’
332 2288 363 2358 εί
387 2290 595 2358 Τανταλίδεω
616 2291 770 2364 Πέλοπος
791 2281 1023 2372 βασιλεύτερος
1044 2285 1109 2362 εἴη,

292 2394 446 2478 γλῶσσαν
467 2387 500 2458 δ’
514 2384 703 2480 Ἀδρήστου
721 2381 952 2475 μειλιχόγηρυν
971 2383 1055 2470 ἔχοι,

231 2488 304 2562 εὗδ’
327 2489 358 2560 εἰ
376 2494 488 2559 πᾶσαν
508 2491 576 2578 ἔχοι
598 2486 712 2571 δόξαν,
733 2485 817 2570 πλὴν
837 2483 1003 2575 θούριδος
1024 2480 1147 2562 ἀλκῆς,

295 2589 348 2674 (οὐ
369 2589 435 2683 γάρ
457 2587 542 2681 ἀνὴρ
563 2587 701 2677 ἀγαθός
721 2589 866 2676 γίγνεται
887 2590 921 2655 έν
941 2586 1086 2675 πολέμῳ)

230 2691 263 2764 εί
279 2691 325 2785 μὴ
346 2692 477 2775 τετλαίη
497 2698 558 2780 μέν
579 2687 666 2779 ὁρῶν
687 2687 792 2783 φόνον
811 2682 1027 2775 αἱματόεντα,

295 2799 352 2862 καλ
371 2794 470 2876 δηίων
490 2786 653 2886 όρέγοιέ,
675 2786 818 2877 έγγόθεν
837 2786 1020 2875 ἱστάμενος.

229 2892 251 2981 ἡ
273 2892 306 2965 δ’
328 2892 428 2982 ἀρετὴ
450 2889 489 2961 τό
510 2890 543 2960 τ’
568 2889 698 2960 ἀεθλον
720 2894 753 2958 έν
774 2886 1007 2980 ἀνθρώποισιν
1028 2884 1168 2979 ἀριστον

293 2991 472 3065 κάλλιστόν
496 3019 530 3062 τε
553 2997 665 3084 φέρειν
684 2994 831 3078 γίγνεται
851 2987 947 3081 ἀνδρὶ
968 2994 1039 3082 νέῳ.

231 3092 388 3176 Ξυνόνδ
412 3093 541 3165 ἐσθλόν
563 3096 662 3163 τοῦτο
683 3090 782 3177 πόληί
801 3116 836 3161 τε
856 3093 955 3160 παντί
977 3117 1011 3159 τε
1033 3086 1142 3179 δήμῳ,

295 3192 384 3278 ὅςτις
404 3194 488 3288 ἀνὴρ
506 3191 689 3282 διαβάςέν
712 3190 914 3284 προμάχοισι
933 3196 1031 3289 μένῃ,

231 3303 414 3389 νωλεμέως,
435 3295 576 3387 αἰσχράς
600 3299 636 3363 δὲ
658 3298 767 3388 φυγῆς
788 3299 839 3362 ἐστὶ
859 3291 969 3383 πάγχυ
992 3292 1165 3374 λάθηται,

295 3398 409 3496 φυχίχν
430 3404 485 3467 καί
510 3395 627 3485 θυμόν
648 3394 795 3483 τλήμονα
816 3401 1047 3487 παρθέμενος,

233 3499 392 3596 θαρσόνη
413 3505 448 3568 δέ
469 3507 577 3568 πεσεῖν
590 3497 656 3567 ,τόν
676 3500 815 3580 πλησίον
835 3495 941 3589 ἀνδρα
963 3490 1149 3587 παρεστώς·

297 3594 395 3681 οὗτος
418 3599 501 3693 ἀνὴρ
525 3598 663 3688 ἀγαθός
683 3601 830 3686 γίγνεται
855 3603 888 3667 έν
910 3604 1051 3691 πολέμῳ.

235 3693 338 3798 Αίφα
363 3706 399 3769 δὲ
412 3705 599 3788 ’δυςμενέων
623 3698 751 3791 ἀνδρῶν
779 3701 896 3794 ἔτρεφε
924 3698 1102 3793 φάλαγγας

298 3803 464 3896 τρηχείας,’
486 3805 613 3898 σπονδῇ
637 3799 671 3870 δδ
695 3803 814 3894 ἔσχεθε
839 3805 928 3890 κόμα
950 3798 1072 3890 μάχης.

234 3901 348 3986 Αότός
368 3902 401 3973 δ’
429 3906 463 3971 έν
485 3901 688 3992 προμάχοισι
711 3901 818 3972 πεσών
837 3905 936 3996 φίλον
961 3900 1060 3970 ὤλεσε
1080 3894 1217 3987 θυμόν,

297 4003 383 4074 ἀστυ
405 4009 517 4073 τεκαὶ
538 4003 640 4082 λαοὺς
661 4010 716 4071 καὶ
738 4001 856 4097 πατέρδ
883 4002 1066 4083 εόκλεΐσας,
1221 4024 1226 4028 ·

232 4105 340 4176 πολλά
362 4105 418 4174 διά
443 4110 670 4192 στέρνοιοκαὶ
694 4102 834 4185 ἀσπίδος
854 4103 1089 4197 ὀμφαλοέσσης

293 4213 350 4272 καὶ
371 4205 427 4273 διά
450 4202 610 4295 θώρηκος
633 4201 787 4295 πρόσθεν
807 4210 1013 4296 έληλαμένος.
