2750 4744
41 367 169 448 Legerat
191 361 339 435 Stadius;
361 380 422 422 neu
445 357 529 422 dicta
550 378 674 442 repone
696 370 853 441 paterna:

41 464 185 540 „Fennris
208 465 340 527 accedat
361 482 500 536 merces3
524 459 597 523 hinc
620 460 721 524 exime
744 473 888 546 sumptus
902 466 938 528 l''
963 495 1003 506 -

41 568 134 650 „Quid
148 566 307 651 reliquom
328 562 428 628 est?”
451 595 493 606 -
517 563 733 648 ,‚Reliquom?
756 586 856 640 nunc,
882 587 965 628 nirnc
985 565 1107 648 impen-

182 731 186 735 .
790 666 853 730 sius
876 689 982 751 iunge,

41 774 140 857 Unge,
164 793 266 854 puer,
291 770 408 832 caules.
454 767 538 830 Mihi
561 768 643 830 festa
666 769 736 832 luce
759 780 918 851 coqtntur

39 875 139 939 Urtiea
161 886 193 936 et
213 874 289 936 lissa
311 872 469 936 fumosum
491 870 629 952 sinciput
651 893 746 948 autre,

38 978 77 1041 Ut
96 988 166 1039 tuus
186 976 247 1038 iste
269 996 370 1056 nepos
393 973 579 1036 elimentur
601 973 720 1036 anseris
744 973 845 1048 extis,

38 1079 135 1159 Quom
159 1098 289 1141 morosa
311 1097 396 1160 vago
419 1074 582 1158 singultiet
603 1075 732 1159 inguine
755 1097 855 1151 vena,

36 1179 188 1243 Patriciae
209 1178 348 1241 immeiat
372 1175 507 1240 vrrlvae?
529 1176 605 1239 mihi
627 1189 726 1239 trama
749 1178 873 1262 figurae

38 1282 80 1345 Sit
98 1280 239 1364 reliqua,
264 1292 312 1342 ast
335 1278 381 1342 illi
402 1290 518 1342 tremat
542 1291 670 1343 omento
692 1302 779 1362 popa
801 1280 964 1344 venter?’'
987 1318 1029 1329 -

36 1386 142 1446 Vende
164 1382 297 1445 animam
321 1382 431 1444 lurcro:
455 1402 597 1444 mercare
620 1394 714 1466 atque
737 1394 851 1445 excute
874 1384 991 1448 sollers
1108 1386 1148 1447 te

38 1487 132 1550 Omne
154 1485 237 1548 latus
259 1483 384 1547 mundi:
408 1505 447 1546 ne
470 1484 509 1547 sit
530 1484 750 1565 praestantior
772 1485 853 1548 alter

37 1586 240 1670 Cappadocas
261 1587 364 1672 rigida
386 1584 524 1671 pingues
545 1585 699 1669 plausisse
721 1599 863 1651 catasta:

35 1692 108 1754 Rem
132 1691 271 1773 duplica.
295 1725 336 1736 -
358 1689 481 1762 ,Fecit
505 1691 566 1753 iam
590 1689 726 1771 triplex,
752 1690 810 1752 iam
835 1690 909 1754 mihi
932 1702 1066 1776 quarto,

35 1793 95 1855 lam
117 1792 222 1855 decies
245 1792 327 1854 redit
348 1790 381 1853 in
404 1813 530 1877 rugam.
575 1791 755 1876 Depunge,
779 1792 833 1856 ubi
855 1794 999 1858 sistam.’'
1022 1831 1062 1843 -
1203 1869 1208 1877 ⁸

34 1894 202 1968 Inventus,
227 1891 429 1977 Chrysippe,
454 1893 501 1956 tui
522 1892 631 1956 finitor
653 1894 773 1959 acervi.
1107 1899 1148 1961 80

98 2093 139 2140 66.
158 2115 192 2129 -
218 2093 305 2138 Staius
328 2094 359 2139 Ε.
390 2114 419 2126 -
447 2093 557 2156 legerat
574 2093 614 2138 liic
634 2094 731 2140 Tadius
750 2097 781 2140 V.
812 2118 840 2128 -
865 2095 978 2158 Legerat
999 2096 1093 2143 stadiis
1114 2099 1144 2144 u.

33 2163 66 2206 lb.
92 2186 121 2197 -
147 2179 193 2208 nee
212 2163 280 2208 dieta
297 2164 329 2208 R.
378 2164 415 2208 lb.
435 2168 579 2222 -oppone
598 2165 627 2213 F.
680 2162 720 2209 68.
743 2187 772 2197 -
792 2179 858 2209 nane
875 2180 941 2210 nunc
960 2167 1011 2211 iam
1033 2166 1093 2225 imp.
1114 2171 1145 2214 V.

34 2230 71 2276 69.
96 2259 128 2267 -
152 2239 271 2292 coquetur
296 2233 399 2278 RVEM.
447 2231 489 2278 77.
519 2230 661 2293 singultiet]
680 2233 770 2278 Omnes
792 2236 850 2280 mei.
901 2233 942 2280 73.
962 2256 996 2270 -
1014 2237 1092 2281 meiat
1114 2239 1145 2282 T.

33 2300 70 2346 il.
96 2323 130 2338 -
156 2302 205 2348 Est
229 2303 328 2362 reliqua
342 2303 372 2347 F.
423 2301 464 2348 75.
494 2324 527 2337 —
556 2305 627 2347 luero
649 2310 673 2347 et
692 2317 807 2348 mercare
829 2305 881 2349 TA.
931 2303 972 2350 76.
998 2320 1042 2349 nec
1061 2307 1097 2351 sit
1113 2310 1145 2354 V.

33 2368 70 2415 77.
97 2392 131 2405 -·
156 2369 317 2431 Cappadoces
339 2373 369 2417 T.
408 2373 445 2418 tb.
468 2371 611 2432 plausisse]
639 2375 670 2417 V.
696 2397 729 2406 -
747 2374 872 2418 clausisse
890 2373 920 2417 E.
942 2396 971 2407 -
987 2376 1145 2432 plancium

32 2443 52 2484 in
68 2455 144 2502 marg.
164 2444 197 2488 al.
217 2443 342 2487 clausisse
360 2443 390 2490 R,
408 2465 443 2478 -
456 2442 560 2501 pavisse
579 2443 659 2487 TAM.
698 2440 739 2487 78.
761 2467 794 2476 -
812 2444 862 2486 iam
881 2442 976 2501 duplex
988 2445 1016 2489 F.
1056 2443 1097 2490 79.
1112 2465 1146 2480 -

31 2511 55 2554 ιἰι
72 2525 155 2572 rugas
176 2513 206 2556 Α.
235 2533 264 2544 -
293 2511 347 2556 lam
364 2511 432 2557 redit
448 2515 475 2556 in
495 2524 589 2571 rugam
609 2512 694 2556 decies
712 2514 743 2560 V.
799 2513 836 2558 lb.
856 2511 981 2573 depunge]
1000 2515 1060 2560 Cod.
1079 2516 1143 2560 Pith.

30 2600 59 2612 -
75 2581 186 2642 depinge
203 2581 292 2627 Omnes
305 2583 361 2628 mei.
400 2578 441 2627 80.
461 2601 494 2614 -
513 2582 676 2626 aceraiintus
696 2584 727 2626 V.
764 2583 790 2626 ln
806 2581 852 2628 fine
864 2584 920 2629 M.:
939 2582 1055 2642 Explicit
1068 2584 1142 2645 igno·

30 2655 65 2692 tae
81 2665 131 2709 per
149 2657 227 2696 totum
245 2651 349 2697 Persius
366 2651 460 2695 arbem.

30 2751 176 2772 “““-““Ἶ“

94 2808 136 2857 66.
168 2811 267 2857 Tadius
284 2814 341 2858 rW.
392 2814 428 2857 lb.
447 2825 493 2856 aee
513 2811 582 2858 dieta
603 2826 624 2856 r.
676 2810 718 2857 72.
737 2812 873 2872 singultiet
892 2814 936 2867 pP.
987 2811 1028 2859 77.
1046 2815 1149 2870 pavisse

29 2881 88 2925 wW.
130 2880 173 2927 79.
191 2880 309 2942 Depinge
328 2896 351 2938 p.

93 3041 137 3092 67.
157 3041 263 3086 Ferret-is
288 3040 392 3086 accedat
418 3039 525 3100 merces]
546 3042 660 3087 Tractum
679 3048 715 3087 est
732 3043 777 3087 hoc
802 3057 816 3086 a
843 3042 966 3098 patribus,
999 3045 1038 3100 qui
1066 3045 1149 3089 dicunt

26 3109 78 3156 filiis
96 3113 169 3157 suis:
201 3113 270 3166 lloe,
301 3113 363 3169 qnod
384 3111 453 3155 robis
473 3112 533 3156 lueri
555 3115 584 3158 de
605 3113 689 3157 fenore
708 3108 826 3164 accessit,
853 3111 1018 3167 adtractum,
1049 3113 1145 3166 idest,

26 3183 52 3224 ad
73 3195 143 3225 nsum
162 3182 225 3225 vitae
251 3181 320 3225 robis
348 3179 472 3236 proficiat:
504 3182 624 3239 reliquom
641 3195 700 3226 vero
731 3182 844 3236 pecuniae
864 3186 986 3224 reservate
1014 3183 1145 3240 integrum.

27 3247 65 3294 77.
94 3247 271 3308 Cappadocas]
302 3249 454 3294 Gladiatores
471 3249 535 3294 dicit.
586 3250 646 3294 Nam
670 3251 729 3305 apud
754 3250 864 3306 antiquos
888 3252 983 3295 venales
1000 3252 1147 3310 gladiatores

25 3319 47 3362 in
66 3325 160 3364 catasta
186 3320 350 3374 ponebantur,
383 3319 450 3363 utin
474 3320 510 3362 eis
527 3326 627 3376 possent
647 3319 727 3363 ourtuia
750 3319 857 3364 membra
875 3319 970 3373 inspici.
1019 3322 1063 3365 Vel
1091 3320 1147 3378 quis

25 3387 179 3443 Cappadoces
190 3390 326 3432 dicerentur
341 3389 429 3433 habere
447 3390 551 3432 studium
573 3390 681 3433 naturale
703 3390 732 3432 ad
750 3390 811 3432 falsa
829 3389 967 3433 testimonia
981 3389 1144 3445 proferenda:

24 3458 61 3513 qui
75 3459 163 3501 nutriti
182 3459 206 3501 in
227 3459 353 3502 tormentis
375 3472 388 3501 a
409 3458 525 3513 pueritia,
546 3462 673 3515 equuleum
691 3458 737 3502 sibi
752 3458 832 3502 facere
851 3459 977 3512 dicuntur,
998 3460 1147 3504 utinense

23 3527 124 3571 invicem
154 3532 301 3583 torqueant,
332 3533 356 3572 et
376 3540 448 3584 quom
470 3528 495 3571 in
518 3541 594 3583 poena
615 3529 791 3583 perdurarent,
822 3529 850 3571 ad
869 3528 930 3577 falsa
956 3528 1092 3571 testimonia
1118 3542 1144 3572 se

22 3594 80 3639 bene
99 3597 275 3640 venundarent.
315 3597 351 3644 lb.
371 3594 485 3654 Paaisse]
503 3596 602 3655 Legitur
621 3602 646 3640 et
657 3598 809 3655 plausisse:
828 3598 940 3654 quoniam
957 3597 1063 3650 venales,
1078 3600 1145 3642 sute-

23 3677 90 3719 quam
100 3666 126 3708 in
137 3670 229 3710 catasta
239 3666 404 3719 imponantur,
423 3671 518 3710 cantant
527 3666 631 3710 universi
645 3667 737 3721 pariter
749 3681 817 3710 more
829 3667 906 3725 gentis
918 3679 984 3710 suae.
1040 3663 1083 3712 80.
1104 3665 1145 3711 ln·

21 3739 116 3790 sentus,
137 3731 290 3793 Chrysippe]
310 3735 458 3790 Chrysippus
477 3736 632 3790 philosophus
651 3737 745 3780 Stoicus
767 3736 932 3795 syllogismum
952 3733 1081 3805 σωρίτην
1101 3750 1147 3781 vo-

22 3803 82 3846 cavit
92 3835 99 3857 ‚
122 3817 195 3860 quem
212 3817 256 3858 per
274 3804 431 3850 adiectionem
450 3808 475 3848 et
492 3805 666 3864 detractionem
684 3817 713 3848 ex
731 3805 810 3850 acervi
827 3806 977 3851 frumentarii
991 3806 1146 3853 similitudine

22 3872 136 3916 ostendit.
