2750 4744
243 127 304 225 aab

241 321 302 395 Et,
326 319 353 382 si
375 319 450 403 quid
471 316 630 384 ¹doliturus
652 321 735 403 eris,
756 323 824 387 sine
846 325 982 393 testibus
1003 330 1087 407 itlis3

304 421 412 499 Quom
434 420 579 497 venient,
602 422 696 486 siccis
718 426 827 488 osenla
848 428 924 491 falle
946 432 1049 513 genis.
1313 446 1343 506 00

241 525 298 585 Sat
319 522 379 584 tibi
400 522 462 585 sint
484 535 615 599 noctes,
639 546 718 610 quas
740 529 779 590 de
800 550 867 606 me,
893 532 1029 610 Paulle,
1050 535 1187 622 fatiges,

300 623 495 708 somniaque
516 624 548 687 in
569 624 682 689 faeiem
705 628 826 692 eredita
847 652 945 714 saepe
967 656 1082 699 nicam.

236 725 365 805 Atque,
389 723 444 785 ubi
466 736 592 788 secreto
613 737 724 790 nostra
748 732 789 791 nd
810 730 976 797 simulacra
997 737 1159 821 loqueris,

297 824 343 888 Ut
363 845 579 907 responsurae
600 827 725 910 singula
747 834 848 907 rerba
868 833 949 897 iace.

234 927 299 987 Seu
320 937 426 987 tamen
448 929 616 991 adversum
639 930 767 993 mutarit
788 932 883 996 ianne
903 936 1040 1014 lectum,

296 1026 422 1088 Sederit
442 1039 475 1089 et
498 1040 611 1093 nostro
633 1042 725 1094 carita
746 1052 890 1099 noverca
911 1049 1007 1115 toro,

231 1125 447 1210 Coniugium,
472 1130 587 1210 pueri,
610 1132 735 1194 laudate
757 1145 788 1194 et
809 1133 894 1200 ferte
916 1152 1113 1220 paternum

293 1225 401 1309 Capta
422 1229 509 1292 dabit
531 1231 649 1294 vestris
671 1234 815 1297 moribus
836 1236 890 1301 ilia
912 1261 1034 1306 manus.

230 1328 300 1390 Nee
321 1340 452 1391 matrem
475 1329 600 1394 laudate
623 1331 734 1397 nimis:
757 1337 874 1401 collata
896 1342 998 1432 priori

291 1432 405 1495 Vertet
425 1429 458 1492 in
479 1431 617 1496 offensas
638 1434 741 1498 libera
762 1441 862 1502 verba
884 1463 973 1507 snas.

228 1531 291 1589 Seu
313 1550 435 1594 memor
455 1531 509 1595 ille
533 1555 602 1597 mea
623 1547 792 1600 contentus
814 1544 965 1607 manserit
985 1549 1099 1614 sembra

290 1629 335 1691 Et
355 1630 435 1694 tanti
456 1631 578 1696 eineres
598 1637 728 1699 diruerit
749 1659 820 1703 esse
841 1664 946 1720 meos,

225 1729 348 1793 Discite
371 1744 537 1796 venturam
559 1733 621 1797 ianr
643 1758 728 1800 niune
748 1745 866 1805 sentire
886 1760 1068 1828 senectam,

287 1829 435 1896 Coeiibis
456 1837 496 1897 ad
517 1856 611 1900 curas
633 1858 693 1901 nee
715 1855 809 1905 vacet
831 1846 895 1908 nlla
915 1849 982 1912 via.

223 1930 320 2010 Quod
342 1933 417 1997 mibi
439 1938 614 2001 detractum
636 1951 704 2016 est,
729 1954 1008 2039 vestrosnaeeedat
1030 1958 1070 2018 ad
1092 1979 1214 2024 annos:
1299 1967 1334 2028 95

284 2034 386 2098 Prole
408 2057 477 2099 mea
497 2039 645 2102 Paullum
666 2041 715 2104 sie
735 2043 823 2107 iuvet
845 2067 914 2112 esse
936 2072 1057 2119 senem.

223 2133 269 2194 Et
289 2134 371 2196 bene
391 2136 505 2200 habet:
529 2160 689 2224 nunquam
710 2154 812 2208 mater
835 2148 986 2234 lugubria
1008 2159 1144 2240 sumpsi3

281 2232 382 2297 Venit
402 2235 434 2298 in
457 2240 625 2324 exsequias
648 2254 715 2307 tota
737 2257 867 2311 caterva
889 2260 989 2317 meas.

220 2331 326 2396 Causa
347 2350 498 2416 perorata
520 2352 581 2404 est.
626 2342 757 2408 Flentes
779 2369 829 2411 me
851 2355 976 2438 surgite
988 2401 1003 2432 ,·
1023 2370 1143 2441 testes,

279 2431 365 2496 Dum
387 2437 525 2517 pretium
549 2440 632 2506 vitae
654 2457 749 2529 grata
769 2453 914 2532 rependit
934 2458 1060 2526 humus.
1278 2474 1335 2534 100

215 2533 371 2598 Moribus
395 2548 426 2599 et
449 2541 570 2603 eaelum
592 2546 716 2624 patuit:
741 2548 799 2612 sinn
822 2553 917 2638 digna
940 2565 1111 2640 merendo,

150 2636 154 2641 '
279 2633 380 2698 Cuius
401 2638 569 2705 honoratis
593 2665 671 2708 ossa
692 2652 851 2716 vehantur
873 2656 953 2720 avis.

283 2821 325 2868 79.
344 2824 417 2871 Recte
435 2830 470 2873 sie
484 2829 593 2877 distinxit
608 2833 656 2880 Lu.
680 2839 717 2891 ..si
736 2842 775 2898 qui
796 2843 923 2891 dolendum
943 2849 1033 2905 babes,
1054 2855 1108 2899 dote
1127 2857 1150 2901 id
1167 2861 1231 2904 efani
1253 2865 1336 2910 illos.”

212 2889 293 2949 Vulgo
320 2893 436 2952 iungunt:
469 2898 494 2941 ei
525 2900 586 2958 qnid
614 2902 739 2952 doliturus
766 2911 818 2955 erio
851 2915 907 2959 eine
937 2919 1042 2966 tutibus
1068 2923 1140 2978 illie,
1177 2942 1257 2986 quom
1288 2941 1334 2980 eet.

212 2955 254 3002 82.
274 2958 373 3005 redditu
393 2962 482 3010 Graes.
507 2971 571 3014 coni.
636 2970 678 3021 85.
698 2978 783 3034 „Quae
802 2985 975 3031 conveniebant
993 2989 1018 3032 in
1039 3004 1135 3036 manum
1153 2995 1216 3050 viri,
1246 3003 1335 3047 tectum

209 3027 349 3086 (gentilem
375 3031 460 3078 Horati
485 3034 531 3091 Ep.
554 3037 578 3092 1,
607 3038 632 3095 1,
657 3039 714 3100 87.)
744 3048 791 3092 sibi
809 3053 949 3098 sternebant
968 3056 993 3101 in
1011 3061 1083 3114 atrio,
1111 3076 1183 3119 quern
1200 3071 1335 3116 adversum

209 3097 343 3152 vorabant,
372 3103 427 3157 quia
448 3117 461 3147 e
482 3107 581 3164 regione
601 3109 686 3156 ianuae
707 3121 780 3164 esset.
823 3121 897 3165 ianua
914 3124 1001 3169 dieitur
1023 3134 1117 3174 enotare
1136 3132 1251 3191 lectum,
1275 3155 1335 3198 quae

209 3164 273 3209 videt
293 3168 366 3210 atium
391 3171 518 3217 adversum
540 3176 626 3221 tectum
642 3179 666 3223 in
684 3183 764 3228 toonrn
781 3188 890 3243 prioris,
918 3206 979 3236 nora
1002 3198 1056 3241 seit.
1078 3210 1154 3246 uxore
1172 3202 1279 3251 donnum
1294 3211 1335 3253 de-

209 3232 273 3275 eta.’'
288 3236 380 3293 scalig.
400 3237 446 3282 ofr.
465 3240 555 3287 Ancon.
569 3248 598 3289 ad
615 3248 742 3296 Milonian.
763 3254 793 3300 C.
814 3253 837 3300 5.
857 3257 989 3306 Laberium
1006 3278 1045 3319 ap.
1067 3265 1132 3312 Gru.
1155 3267 1201 3324 16,
1227 3271 1255 3319 9.
1277 3275 1334 3321 Mu·

208 3304 246 3342 ter
257 3302 379 3358 Jnmiliue
397 3310 440 3349 tuo
458 3309 485 3352 in
503 3311 567 3355 lecto
584 3314 690 3362 aduerso
707 3319 790 3378 redet,
812 3329 836 3369 et
854 3327 963 3387 bottiger
980 3331 1082 3378 Aidobr.
1093 3335 1209 3383 floehzeit
1228 3355 1256 3396 p.
1274 3343 1332 3391 125.

209 3360 251 3411 93.
269 3370 350 3413 lenire
367 3371 447 3420 Aaou.
467 3398 496 3410 -
516 3383 617 3438 euenire
634 3385 717 3432 Heins.
739 3413 771 3425 -
789 3396 897 3447 „sentire
913 3412 984 3442 nemo
1001 3402 1161 3455 probabiliter
1173 3411 1334 3462 explessent

206 3435 305 3484 Lachm.
325 3439 526 3492 Tentavittainen
544 3450 668 3504 Wyttenb.
688 3457 751 3502 Bibi.
771 3466 826 3506 crit.
848 3460 872 3517 3,
894 3462 918 3520 4,
938 3480 962 3521 p.
983 3466 1027 3514 53.
1063 3473 1157 3526 „Plane
1173 3476 1251 3523 nobis
1275 3495 1333 3537 pro·

205 3503 275 3550 batur
292 3509 350 3552 iliud
373 3512 486 3568 sentire,
518 3521 580 3573 quod
604 3534 619 3564 a
645 3522 745 3571 Graecis
771 3532 912 3588 exquisitius
927 3535 1028 3582 subinde
1049 3540 1150 3595 dieitur,
1179 3544 1334 3600 αἰσθάνε·

205 3569 278 3622 σθαί
294 3588 388 3638 τινος,
416 3579 479 3626 affici
500 3586 602 3632 alieuius
627 3593 663 3635 rei
681 3596 719 3638 vel
742 3603 812 3655 grato
837 3603 876 3645 vel
894 3604 988 3661 ingrato
1005 3619 1095 3662 sensu,
1122 3623 1193 3665 cura,
1224 3620 1332 3673 studio,

206 3642 236 3685 ad
255 3656 308 3686 eam
332 3646 369 3689 vel
399 3651 575 3705 adipiscendam
599 3660 636 3703 rel
663 3660 840 3724 fugiendam!v
891 3668 950 3718 100.
980 3675 1080 3733 grande
1103 3680 1224 3734 rependit
1249 3683 1333 3732 nonne

203 3708 333 3763 Koppiers.
372 3712 431 3760 102.
449 3720 504 3765 noio
522 3727 585 3769 coni.
603 3727 687 3774 Heins.
703 3733 811 3780 Bronkb.
830 3736 930 3784 Laebm·
951 3764 983 3776 -
1000 3742 1100 3799 Epiced.
1118 3747 1192 3793 Drusi
1214 3764 1246 3798 v.
1270 3754 1332 3800 162.

201 3774 302 3831 Druse,
333 3792 411 3839 neque
429 3785 464 3829 ud
479 3795 573 3837 eeteree
590 3796 706 3844 conditae
723 3802 773 3847 tote
791 3818 859 3850 «σοι.
882 3828 911 3840 ·-
931 3811 1005 3868 equis
1024 3814 1085 3857 cdd.
1111 3815 1170 3873 aliq.
1190 3841 1228 3854 -
1257 3825 1332 3882 equis

202 3844 291 3899 Gron„
311 3851 373 3903 quod
391 3854 498 3899 restituit
517 3859 604 3907 laeob:
634 3868 817 3919 „Verisimitius
834 3877 974 3929 apotheosis
990 3882 1057 3939 equis
1075 3881 1203 3929 honoratis
1233 3890 1333 3938 deseri·

201 3911 289 3969 batur,
321 3930 368 3959 non
388 3921 663 3987 assentientium,
695 3951 742 3994 quo
762 3954 846 3986 versus
867 3947 991 3999 proximus
1010 3963 1055 3994 nos
1069 3956 1140 3997 vocat
1158 3951 1292 4005 Moribus
1310 3968 1335 4006 et

199 3983 297 4026 eoelum
313 3987 414 4041 potuit:
432 3989 483 4034 eim
504 3992 584 4053 digno
606 4004 737 4060 merendo,
758 4022 781 4053 e.
819 4013 858 4056 Sie
870 4014 986 4071 luppiter
1004 4018 1134 4062 florentem
1155 4019 1332 4092 Quodn-Singa

199 4061 278 4094 eurrn
292 4052 453 4100 radientibus
474 4060 559 4105 intulit
576 4068 655 4111 oetrie
675 4071 745 4119 ovid.
768 4077 829 4123 Met.
851 4079 875 4136 9,
896 4080 974 4128 2723*
1008 4088 1055 4131 sed
1073 4100 1119 4132 neo
1139 4091 1168 4134 de
1189 4097 1333 4147 apotheosi

198 4129 243 4160 nee
258 4121 286 4163 de
302 4122 404 4171 aduentu
424 4126 448 4169 in
466 4126 562 4181 Elysios
580 4145 678 4188 campos
699 4153 779 4188 sermo
800 4153 851 4205 est3
877 4163 961 4196 verum
979 4155 1007 4200 de
1025 4156 1155 4203 condendis
1173 4163 1286 4212 neribus
1305 4171 1332 4213 in

199 4182 372 4234 bonoratorum
388 4194 507 4239 maiorum
525 4207 687 4247 monumento.
