2772 4750
235 206 298 268 lid

239 363 286 428 At
308 379 369 424 ros
393 355 513 441 exiguo
535 350 666 436 pecori,
689 349 842 431 furesque
863 343 1013 427 lupique,

299 459 448 533 Parcite3
472 458 510 520 de
533 473 649 538 magno
671 462 720 514 est
741 449 861 532 praeda
882 446 1021 528 petenda
1043 463 1158 528 grege.

236 565 301 630 Hic
322 582 386 648 ego
409 570 641 644 pastoremque
660 572 761 617 meum
783 552 921 614 lustrare
942 543 1116 631 quotannis
1297 543 1336 607 35

302 667 346 730 Et
367 660 522 745 placidam
545 658 636 721 soleo
657 673 813 738 spargere
833 652 919 714 lacte
939 650 1067 714 Palem.

236 766 378 841 Adsitis,
402 762 485 839 divi,
510 781 569 824 nec
591 779 651 822 ros
672 759 712 819 de
734 774 877 837 paupere
899 771 1005 816 mensa

300 870 395 935 Dona
418 885 477 928 nec
500 883 517 926 e
538 859 627 944 puris
649 857 789 940 spernite
809 853 974 919 lietilrbus.

185 976 188 984 '
237 969 364 1037 Fictilia
386 965 532 1050 antiqmrs
554 961 690 1045 primum
712 958 774 1022 sibi
793 956 873 1021 iecit
894 955 1030 1041 agrestis

301 1070 444 1142 Pocula,
469 1068 508 1129 de
529 1063 619 1128 iecssi
640 1060 887 1143 composuitque
909 1057 992 1122 luto.

238 1176 314 1238 Non
337 1191 402 1253 ego
425 1165 551 1231 divitias
566 1174 700 1246 ¹patrum
723 1163 911 1244 fructusque
932 1159 1088 1242 requiro,

307 1274 399 1353 Quos
421 1268 493 1333 tulit
514 1266 644 1350 antiquo
667 1263 795 1329 condita
817 1261 929 1327 messis
951 1276 1027 1325 aro.

246 1378 357 1440 Parva
379 1392 473 1457 seges
494 1368 571 1432 satis
592 1378 657 1440 est;
680 1365 755 1429 satis
776 1375 844 1440 est,
867 1362 1069 1446 requiescere
1090 1361 1177 1425 lecto

303 1475 339 1539 Si
360 1473 434 1538 licet
457 1483 489 1535 et
511 1470 610 1536 solito
634 1470 775 1531 membra
795 1466 907 1529 levare
929 1475 1018 1528 toro.

241 1572 345 1659 Quam
366 1576 454 1639 iuvat
475 1571 610 1636 immites
633 1582 750 1634 ventos
769 1568 878 1632 sordre
900 1567 1067 1630 cubantem
1307 1566 1344 1628 li

304 1679 349 1741 Et
370 1675 528 1742 dominam
550 1678 664 1736 tenero
687 1669 857 1734 detinuisse
879 1667 970 1731 sinu:

241 1781 330 1855 Aut,
355 1777 474 1862 gelidas
495 1775 646 1836 hibernus
668 1793 767 1854 aqum
789 1791 886 1855 quoru
908 1766 1028 1833 fuderit
1050 1768 1192 1842 Auster,

304 1882 458 1944 Securum
478 1895 609 1940 somnos
631 1871 732 1936 imbre
753 1872 881 1934 iurante
904 1869 1011 1954 sequi!

241 1982 317 2046 Hoc
339 1978 414 2042 mihi
437 1977 623 2060 contingat:
648 1975 688 2039 sit
709 1974 799 2041 dives
821 1973 913 2049 iure,
936 1971 1081 2036 furorem

306 2080 370 2162 Qui
392 2078 486 2143 maris
508 2090 540 2142 et
562 2077 672 2141 tristes
693 2075 784 2139 ferre
804 2086 913 2157 potest
934 2073 1074 2157 pluvias.
1141 2103 1146 2125 ι

243 2186 274 2249 Ο
296 2192 447 2267 quantum
469 2191 517 2243 est
540 2179 607 2243 auri
627 2189 741 2261 pereat
762 2175 935 2261 potiusque
955 2177 1135 2257 smaragdi,

307 2284 412 2363 Quam
433 2283 507 2348 fleat
529 2283 572 2346 ob
595 2290 721 2346 nostras
744 2279 806 2342 ulla
828 2277 933 2360 puella
957 2276 1047 2340 viasl

241 2379 293 2448 Te
314 2384 434 2447 bellare
456 2385 546 2447 decet
567 2394 673 2458 terra,
697 2381 860 2455 Messala,
885 2378 1046 2462 marique,

306 2487 352 2550 Ut
374 2487 485 2548 domus
508 2481 639 2548 hostiles
662 2481 824 2564 praeierat
847 2478 1006 2543 eximiass

243 2588 304 2650 Me
326 2584 462 2650 retinent
483 2584 623 2649 vinctum
645 2583 808 2647 formosae
831 2581 935 2644 vincla
957 2581 1081 2663 puellae

305 2689 351 2751 Et
373 2689 469 2751 sedeo
492 2687 587 2748 durau
609 2683 724 2747 ianitor
746 2694 817 2747 ante
838 2682 941 2746 iores.

243 2791 319 2855 Non
342 2808 407 2872 ego
428 2786 552 2850 laudari
574 2772 677 2862 curo,¹
696 2805 764 2848 mes
787 2784 901 2848 Deliae
923 2794 1027 2849 tecum

305 2890 489 2955 Dummodo
511 2887 592 2963 sim,
613 2907 733 2970 quaeso
757 2885 862 2969 segnis
884 2885 1032 2969 inersque
1055 2906 1169 2949 vocer.

243 2993 293 3055 'l'e
315 3001 475 3075 spectem,
498 3009 646 3071 suprema
669 2986 744 3050 mihi
766 3008 863 3072 quom
886 2986 1011 3052 venerit
1031 2988 1133 3062 bora,

307 3095 501 3156 'l'c‘teueam
525 3088 665 3153 moriens
688 3088 854 3151 deficiente
877 3109 982 3152 manu.
1318 3088 1351 3148 oli

244 3193 354 3259 Flebis
377 3205 408 3256 et
430 3213 544 3257 arsuro
566 3190 704 3273 positum
728 3212 794 3266 me,
818 3190 931 3267 Delia,
955 3191 1064 3265 lecto,

307 3293 470 3357 Tristibus
492 3305 524 3354 et
546 3292 685 3355 lacrimis
706 3291 816 3355 osculo
838 3291 936 3354 mixta
959 3291 1061 3354 dabis.

306 3472 348 3520 28.
377 3476 457 3520 risum
489 3475 573 3522 Burin.
602 3486 651 3518 ser.
680 3471 713 3518 V.
769 3472 812 3519 29.
839 3471 962 3532 bidentes]
987 3488 1041 3519 rora
1068 3475 1130 3519 Cdo.
1157 3475 1190 3519 1..
1220 3497 1250 3508 -
1278 3473 1350 3520 tides·

241 3553 290 3593 tem
307 3545 442 3603 Regiensis.
470 3544 559 3602 Vulgo.
613 3539 657 3587 3t.
681 3548 720 3587 est
743 3544 825 3587 euritii
842 3543 874 3586 V.
898 3544 928 3588 de
945 3556 1024 3588 ruore.
1060 3543 1087 3587 lu
1106 3545 1187 3588 medio
1208 3547 1348 3599 pentametro

241 3616 360 3677 collocant
378 3613 453 3658 Codd.
470 3613 588 3670 plerique.
607 3611 650 3655 W.
670 3612 701 3656 ll.
720 3611 749 3656 1..
787 3612 813 3656 lu
831 3608 878 3655 fine
897 3611 974 3660 Codd.
989 3624 1041 3657 sex.
1056 3612 1102 3656 Ed.
1116 3625 1154 3667 pr.
1168 3614 1209 3667 B„
1231 3627 1262 3658 ne
1280 3616 1348 3668 pente·

197 3683 203 3689 '
242 3687 319 3728 rueter
347 3683 370 3729 iu
388 3683 486 3727 brevem
504 3682 621 3735 syllabam
648 3681 739 3725 desinat
757 3681 906 3737 eritetnrqoe
924 3681 1002 3725 hiatus
1020 3694 1074 3726 coru
1095 3693 1152 3727 roeo
1170 3695 1225 3738 seq.
1246 3682 1347 3726 Fortasse

243 3753 315 3796 nimis
333 3755 454 3795 accurate.
518 3747 560 3795 di.
588 3748 667 3795 Peleu
684 3752 716 3795 V.
781 3746 824 3794 37.
848 3762 895 3793 uec
919 3763 973 3795 curn
990 3748 1051 3794 Cdo.
1072 3753 1097 3794 et
1114 3749 1230 3794 Sorbi..
1251 3764 1296 3806 pro
1310 3758 1349 3793 ero

241 3822 315 3879 Volg.
335 3833 349 3863 e
364 3829 476 3876 perpere
493 3832 546 3865 eoru
565 3819 628 3863 Scal.
649 3823 673 3863 et
689 3818 789 3863 Laelius.
807 3830 926 3875 reponere
944 3832 991 3863 uon
1009 3819 1086 3873 potui.
1151 3814 1194 3862 il.
1216 3812 1312 3876 levore]
1323 3816 1349 3858 al·

241 3892 336 3942 levore,
369 3885 490 3941 relicere,
519 3900 641 3932 recreare.
686 3888 771 3935 Horat.
791 3887 838 3943 Ep.
861 3885 892 3942 2,
927 3886 955 3941 l,
988 3883 1072 3933 132:
1109 3886 1222 3933 levantes
1254 3893 1350 3944 umpott

235 3954 307 4017 sesto
324 3970 426 4015 corpus.
463 3956 501 4000 Ex
517 3956 631 4010 interpol.
649 3956 708 4001 Cdd.
721 3957 780 4014 aliq.
798 3952 897 4015 referre
909 3958 943 4001 V.
955 3956 998 4001 W.
1054 3952 1097 4007 ip.
1117 3956 1278 4003 continuisse
1288 3966 1350 4011 prese

241 4028 340 4072 ridicule
355 4025 415 4070 cdd.
435 4026 510 4081 aliq.;
529 4037 589 4080 quae
602 4025 673 4067 lectio
683 4030 737 4067 orta
750 4031 787 4069 est
798 4038 829 4069 ex
839 4039 878 4081 eo,
889 4026 952 4082 quod
962 4025 1023 4069 haud
1036 4024 1095 4069 satis
1108 4025 1278 4081 intelligerent
1288 4023 1349 4082 signi·

242 4094 339 4139 ficetum
369 4107 393 4136 r.
422 4091 576 4144 detinuisse,
598 4087 747 4148 seetleolteu.
803 4091 845 4139 109.
864 4093 949 4147 disee,
980 4093 1047 4139 inire
1064 4089 1184 4152 forrorem
1212 4096 1279 4141 mira
1297 4105 1348 4138 eou.

243 4168 316 4206 cens.
336 4163 386 4206 leo.
405 4159 499 4204 firmata
517 4163 596 4209 letires
614 4158 644 4201 ab
662 4172 710 4201 uuo
726 4159 757 4203 1..
774 4160 873 4208 Codice.
928 4158 971 4207 5⁰.
990 4167 1015 4207 et
1032 4162 1099 4206 coeii
1116 4160 1204 4208 nodilo
1214 4159 1294 4221 serre
1307 4164 1349 4218 pol·

244 4235 281 4273 est
298 4230 418 4285 Excerpte
445 4230 502 4272 vett.
523 4249 555 4260 -
579 4222 687 4284 Hyades
711 4239 755 4280 pro
771 4228 870 4283 pluvius
889 4230 986 4277 volebat
1001 4230 1090 4276 lirino.
1154 4228 1199 4276 51.
1220 4231 1284 4277 Corn
1301 4229 1349 4274 Gli·
