2762 4762
324 318 427 388 Dives
449 317 576 407 siagrii
578 318 641 409 31ss
662 319 777 395 habet,
800 317 856 383 illa
877 330 1019 397 tantum,

328 423 419 503 Quae
440 432 549 504 potest
570 432 660 485 certa
680 420 821 485 retinere
843 423 979 498 dextra,

328 526 433 611 Seque
453 524 519 588 fert
540 545 666 601 seeum,
691 545 773 608 vaga
796 544 862 609 quo
884 523 1024 608 migrare

411 625 510 689 Iussit
532 635 672 710 egestas.

328 764 415 845 Quid
435 763 528 845 mihi,
550 762 604 847 qui
626 764 670 826 nil
692 762 835 845 cupiam,
859 765 970 827 deesse

328 865 464 932 Possit?
485 866 639 933 Umbrosi
660 866 765 946 placet
787 886 848 927 uns
870 865 965 930 Pindi

328 968 447 1032 Vallis.
494 968 525 1031 Ο
547 988 672 1031 sacrum
694 969 823 1029 nemus!
851 987 872 1031 o
894 966 1025 1031 iocosae

412 1072 505 1133 Rura
527 1068 703 1134 Camenae!

329 1210 420 1289 Quae
443 1228 532 1271 meos
553 1219 665 1290 poscet
687 1206 737 1269 via
761 1228 884 1290 cunque
907 1228 1054 1292 gressus,

328 1309 479 1391 Delphici
500 1330 642 1385 mecum,
668 1329 735 1370 mea
758 1329 879 1393 regna,
903 1310 1024 1387 colles,

328 1412 386 1475 Itis
408 1422 441 1475 et
462 1411 580 1474 fessum
602 1411 772 1474 comitante
795 1410 930 1474 circum-

413 1513 524 1577 sistitis
545 1514 671 1575 umbra.

330 1654 390 1716 Me
413 1652 541 1716 Gothus
563 1650 668 1714 saevis
689 1649 805 1733 religet
826 1649 965 1727 catenis,

330 1755 391 1817 Me
414 1754 548 1832 Scythes
570 1764 697 1834 captum
719 1750 841 1833 rapiat,
866 1753 971 1815 soluta

330 1855 444 1918 Mente
466 1852 631 1918 vobiscum
653 1864 772 1935 potero
794 1857 976 1918 tremendos

415 1955 535 2020 Visere
557 1956 680 2040 Reges.

635 2122 837 2136 ἡ

630 2255 694 2301 ΟΒΕ
711 2255 811 2332 ΪῚΧΙΙΙ.

533 2430 542 2447 ,
586 2375 646 2440 Ad
687 2374 855 2438 cicadam.

333 2517 384 2592 Ο,
408 2535 488 2600 quae
509 2515 647 2596 populea
670 2532 790 2576 summa
812 2515 923 2577 sedens
947 2536 1058 2592 conia,

229 2694 236 2706 ι
333 2616 424 2682 Caeli
444 2615 589 2679 roriferis
612 2615 700 2679 ebria
720 2614 878 2691 lacrimis,

376 2719 421 2780 Et
441 2729 473 2781 te
495 2739 598 2793 voce,
622 2717 749 2794 cicada,

418 2820 463 2882 Et
485 2830 602 2881 mulum
625 2841 751 2882 recrees
772 2840 900 2883 nemus:

334 2958 415 3021 Post
438 2959 551 3041 longas
572 2959 713 3032 hiemes,
737 2961 810 3021 dum
834 2958 962 3021 nimium
984 2959 1092 3022 brevis

307 3082 309 3090 ⁴
333 3059 449 3122 Aestas
471 3080 505 3122 se
526 3060 652 3123 levibus
673 3059 862 3143 praecipitat
883 3060 984 3136 rotis,

377 3161 544 3237 Festinos,
571 3183 648 3246 age,
671 3163 760 3225 lento

419 3263 512 3325 Soles
533 3263 645 3346 excipe
667 3263 788 3348 iurgio.

268 3386 271 3393 ¹
334 3400 378 3462 Ut
399 3421 433 3462 se
457 3423 600 3486 quaeque
623 3402 687 3465 dies
711 3401 815 3465 attulit
838 3403 984 3486 optima,

335 3500 388 3562 Sio
410 3523 443 3564 se
466 3525 611 3587 quaeque
633 3505 735 3587 rapit:
766 3506 851 3568 nulla
873 3505 934 3569 suit
955 3505 1030 3572 satis

376 3603 522 3687 Unquam
546 3606 644 3691 longa
667 3610 833 3689 voluptas3

417 3707 555 3790 Longus
577 3708 704 3791 saepius
726 3720 774 3771 est
795 3710 901 3773 dolor.
