2762 4760
235 190 274 250 76

235 342 480 427 Permixtasque
501 342 619 403 dabant
641 338 782 425 equitum
802 338 1008 424 peditumque
1026 339 1147 403 ruinas.

234 449 319 510 Nam
341 456 528 508 transvorso
547 442 638 505 feros
659 440 791 504 exibant
810 439 913 504 dentis
934 444 1063 504 adactos

169 560 176 567 '
234 550 378 612 Iumenta
401 556 454 608 aut
471 543 606 627 pedibus
629 553 743 606 ventos
762 553 868 606 erecta
892 546 1061 625 petebant:

234 647 477 735 Nequidquam
501 643 652 731 quoniam
673 647 714 706 ab
735 643 846 708 nervis
868 645 991 709 succisa
1015 646 1142 710 videres

235 750 419 816 Concidere
440 758 534 833 atque
556 745 651 831 gravi
671 758 790 810 terram
814 758 1022 812 consternere
1041 771 1137 812 casu.

236 855 270 917 Si
293 875 377 938 quos
395 863 466 916 ante
488 848 576 916 domi
598 849 739 913 domitos
761 849 838 912 satis
858 872 927 913 esse
946 853 1117 932 putabant,

234 959 459 1022 Effervescere
477 955 650 1018 cernebant
666 951 700 1014 in
719 954 816 1015 rebus
838 951 974 1035 agundis

233 1057 449 1132 Vulneribus,
473 1057 632 1129 clamore,
654 1053 747 1138 fuga,
769 1065 915 1129 terrore,
937 1055 1090 1130 tumultu3

234 1163 305 1224 Nec
325 1168 476 1243 poterant
497 1157 593 1219 ullam
617 1167 739 1238 partem
761 1159 916 1219 reducere
939 1178 1070 1221 eorum:

234 1261 438 1346 Diffugiebat
458 1258 543 1323 enim
566 1258 688 1322 varium
713 1278 813 1341 genus
833 1279 927 1321 omne
948 1258 1106 1334 ferarum,

235 1368 278 1429 Ut
301 1385 383 1426 nuuc
404 1382 498 1444 saepe
515 1364 618 1424 boves
640 1361 750 1443 Lucae
768 1361 859 1425 ferro
877 1361 957 1424 male
980 1373 1100 1426 mactae

234 1465 435 1550 Diffugiunt,
458 1464 528 1527 sera
550 1462 635 1526 laeta
658 1461 724 1525 suis
745 1483 844 1547 quom
863 1464 959 1525 multa
983 1467 1111 1529 dedere.

299 1566 355 1631 sie
375 1564 455 1642 fuit,
478 1576 512 1628 ut
535 1565 695 1628 iacerent:
718 1569 774 1628 sed
795 1563 853 1627 vix
872 1568 1034 1642 adducor,
1057 1577 1092 1628 ut
1110 1577 1183 1632 ante

235 1673 312 1734 Nou
333 1667 477 1754 quierint¹
494 1667 599 1731 animo
618 1667 815 1750 praesentire
836 1678 932 1753 atque
955 1668 1083 1745 videre,

235 1773 338 1852 Quam
361 1790 529 1834 commune
548 1770 662 1832 malum
682 1769 788 1832 fueret
806 1768 1002 1856 foedumque
1023 1771 1186 1835 futurum:

234 1876 279 1938 Et
298 1871 398 1957 magis
413 1872 447 1935 id
462 1871 568 1955 possis
586 1872 707 1934 sactum
732 1875 926 1936 contendere
937 1871 977 1935 'in
997 1873 1099 1949 omni,

235 1979 271 2041 ln
291 1974 390 2041 variis
409 1974 531 2037 mundis
552 1974 641 2038 varia
662 1973 787 2038 ratione
810 1968 926 2037 creatis

234 2080 338 2160 Quam
360 2088 451 2141 certo
472 2087 567 2161 atque
585 2097 649 2139 rino
671 2086 830 2140 terrarum
849 2076 996 2162 quolibet
1014 2079 1100 2143 orbi.

236 2181 300 2242 Sed
322 2177 430 2242 facere
451 2177 486 2240 id
504 2198 570 2241 nou
591 2187 655 2238 tam
670 2174 825 2240 'vincundi
847 2201 904 2261 spe
925 2180 1098 2245 voluerunt

235 2282 339 2362 Quam
362 2284 455 2355 dare,
479 2282 567 2364 quod
590 2289 754 2361 gemerent
773 2281 883 2343 hostes
902 2280 1046 2367 ipseique
1064 2285 1192 2366 perire,

235 2381 319 2463 Quei
342 2402 475 2445 numero
500 2380 682 2444 diffidebant
703 2379 862 2465 armisque
885 2387 1055 2449 vacabant.

297 2481 426 2547 Nexilis
446 2492 517 2545 ante
537 2483 598 2546 luit
620 2482 718 2545 vestis
738 2498 831 2566 quam
854 2484 965 2549 textile
991 2499 1137 2572 tegmen:

236 2583 366 2649 Textile
389 2594 464 2666 post
486 2584 607 2647 serrum
630 2595 695 2659 est3
719 2584 793 2670 quia
812 2584 904 2650 ferro
925 2589 988 2651 tela
1006 2602 1159 2672 paratur:

234 2690 304 2751 Nec
323 2685 448 2749 ratione
468 2685 530 2747 alia
551 2696 685 2768 possunt
707 2697 771 2748 tam
792 2684 877 2750 levia
901 2688 994 2774 gigni

233 2788 345 2853 Insilia
366 2809 405 2849 ae
428 2786 527 2862 susei,
550 2786 651 2850 radiei
673 2788 844 2874 scapeique
866 2804 1029 2857 sonantes.

297 2892 341 2954 Et
362 2889 472 2952 faeere
494 2899 565 2951 ante
587 2888 677 2953 viros
698 2890 801 2953 lanam
824 2904 936 2958 natura
960 2896 1072 2980 coegit
1110 2946 1112 2953 .

233 3148 309 3194 ilmen
327 3146 510 3203 rerrplitterten
530 3142 640 3208 Waffan.
678 3143 754 3193 1329.
775 3148 851 3194 Codd.
866 3149 927 3195 tae.
941 3157 999 3197 vett.
1019 3133 1143 3200 adunetur
1156 3157 1193 3200 vel
1207 3156 1242 3202 ud
1253 3165 1346 3202 unctus.

232 3219 267 3264 ad
282 3220 348 3263 ictus
363 3218 403 3261 Pii
419 3218 482 3261 coni.
500 3215 605 3260 eduntur
617 3217 647 3261 Α.
662 3216 690 3261 L.
706 3218 736 3261 H.
753 3232 813 3276 quae
828 3220 924 3276 quidem
939 3235 1001 3276 vox,
1022 3228 1047 3266 ut
1060 3231 1202 3269 autumatur
1216 3231 1239 3270 et
1252 3229 1299 3271 alia
1312 3242 1345 3282 ap.

232 3289 330 3332 Lueret.
346 3289 546 3341 careteremplo.
575 3286 636 3330 Hinc
653 3286 695 3335 W.
716 3288 745 3331 de
766 3289 830 3334 roni.
852 3287 887 3332 ud
904 3296 991 3345 uerus,
1011 3287 1135 3354 ἐλάσεις.
1167 3297 1262 3340 Verum
1279 3298 1364 3351 exire.

233 3356 290 3400 alibi
306 3353 352 3410 (6,
370 3352 457 3410 1216.)
475 3369 528 3400 cum
549 3356 652 3409 simplici
669 3359 805 3401 accusativo
820 3360 938 3403 construit
948 3361 1046 3407 Lucret.
1066 3363 1115 3407 Nec
1130 3378 1189 3409 vero
1206 3368 1346 3424 cogitatione
1363 3354 1364 3423 l

233 3425 339 3480 suppleri
358 3428 452 3478 potent,
472 3427 533 3481 quod
552 3424 648 3467 volebat
664 3425 756 3478 Walr.‚
775 3441 851 3483 uproa
860 3440 872 3481 ,¹
897 3434 923 3473 ut
937 3435 1106 3478 construatur:
1133 3436 1181 3488 „ad
1200 3436 1269 3480 ieros
1287 3436 1364 3480 actast

233 3495 330 3539 exibant
343 3491 443 3548 apros.''
457 3494 570 3538 Ceterum
579 3493 626 3538 E.:
641 3492 756 3540 dentibue
766 3494 906 3551 uduurtua;
919 3499 947 3542 C.
960 3512 966 3544 z
980 3499 1096 3545 dentibus
1109 3503 1185 3548 irtus.
1224 3502 1302 3552 1333.
1315 3505 1348 3548 ric

134 3569 137 3574 ’
232 3564 262 3607 1..
275 3564 305 3606 ll.
351 3559 426 3607 ¹337.
445 3559 543 3608 uariam
561 3587 571 3598 ·
590 3589 600 3599 ·
610 3559 731 3621 ferorum
748 3566 791 3609 W.
811 3567 874 3610 inani
893 3570 956 3614 coni.
1003 3567 1079 3616 1340.
1099 3571 1142 3616 Sic
1161 3573 1206 3617 Av.
1222 3575 1254 3621 P.
1276 3575 1306 3618 Α.
1323 3570 1364 3616 1..1

230 3633 324 3678 Eirhst.
345 3654 377 3665 -
395 3631 420 3675 ai
437 3632 497 3677 Cdd.
515 3634 544 3678 G.
561 3632 591 3677 E.
610 3632 672 3678 Edu.
692 3639 750 3679 vett.
771 3635 831 3679 Har.
848 3637 892 3681 W'.
918 3639 964 3683 Sed
980 3645 1094 3685 sententie
1110 3643 1301 3688 manifestabor
1316 3657 1350 3687 re·

232 3703 320 3761 quirit:
339 3699 405 3763 fieri
418 3703 519 3758 potuit,
544 3703 582 3746 rie
607 3708 633 3746 ut
649 3699 780 3761 furerent.
812 3704 930 3751 Addueor
954 3711 1020 3753 nullo
1039 3710 1160 3756 credendi
1177 3713 1254 3756 verbo
1273 3714 1364 3759 addito:

231 3772 306 3816 babes
324 3771 397 3815 etiam
414 3773 474 3826 apud
493 3772 545 3817 Cic.
560 3773 597 3816 uel
615 3786 669 3817 cum
688 3780 751 3827 part.
771 3780 810 3829 ut,
831 3778 1029 3833 quemadmodum
1048 3778 1097 3834 hie,
1116 3782 1152 3825 rel
1167 3795 1221 3826 eum
1233 3778 1364 3853 infinitirol

232 3846 404 3886 constructum.
424 3854 447 3885 r.
468 3855 489 3885 c.
510 3843 538 3886 de
552 3842 622 3886 Fiun.
638 3840 666 3896 1,
682 3842 706 3888 5.
726 3843 820 3889 adduci
837 3846 881 3890 vix
895 3859 1002 3905 puerum
1022 3855 1048 3893 ut
1065 3864 1096 3892 eu
1114 3874 1125 3885 ·
1142 3875 1152 3887 -
1170 3851 1281 3896 tibinon
1293 3865 1364 3895 uero

231 3910 379 3963 uideantur5
397 3913 425 3957 de
436 3911 516 3955 Divio.
530 3909 558 3964 1,
575 3908 616 3955 18.
636 3925 682 3955 nec
694 3912 809 3957 adducor
821 3940 831 3951 -
843 3941 853 3951 -
864 3916 891 3959 in
904 3918 974 3972 extio
988 3923 1065 3962 totum
1079 3916 1214 3964 Etruriam
1226 3920 1350 3965 delia-ure.
1363 3912 1364 3955 1

234 3977 309 4024 1342.
322 3976 413 4039 fueret
426 3982 486 4024 Ver.
503 3982 563 4025 Veu,
577 3980 622 4024 Αν.
634 3981 680 4036 P.;
702 3984 869 4039 quaciorma,
890 3986 935 4030 etsi
955 3987 1079 4041 obsoleta,
1100 3988 1226 4033 obliterari
1246 4005 1294 4034 non
1314 3980 1364 4033 del

231 4050 297 4105 buit,
317 4051 393 4094 iudice
406 4050 477 4095 eliam
490 4050 609 4095 Bentleio.
629 4050 706 4096 Aliter
721 4066 747 4097 ee
760 4053 831 4098 babet
843 4052 874 4109 3,
888 4052 950 4102 849.
965 4056 1004 4100 ubi
1016 4057 1066 4102 Gif.
1082 4058 1170 4103 edidit:
1190 4058 1352 4118 indultuque

223 4116 327 4177 fueret,
347 4120 413 4176 quari
432 4120 588 4175 dissyllabum
607 4125 685 4165 esset:
706 4123 767 4166 unde
779 4123 932 4168 Foruelliuua
951 4127 974 4170 in
993 4139 1016 4170 v.
1028 4123 1106 4185 suum
1122 4129 1217 4172 laudat:
1238 4129 1267 4172 in
1278 4128 1364 4172 mutat

224 4185 328 4247 fueret,
348 4203 407 4245 quae
422 4190 493 4234 lertio
509 4190 573 4233 ouini
589 4194 659 4233 earet·
670 4191 822 4236 auctoritate.
844 4212 877 4225 ·-
889 4192 967 4254 ficret
985 4196 1079 4250 codd„
1098 4197 1171 4246 etiam
1187 4197 1216 4242 C.
1230 4198 1262 4242 Ε.
1282 4184 1364 4241 Βνίι.’

232 4256 314 4302 A.W.
327 4257 419 4303 Eicbat.
434 4280 467 4293 -
478 4254 569 4319 ficeret
581 4258 610 4303 L.
621 4259 652 4304 ll.
672 4258 754 4303 Etiam
764 4260 838 4305 Forb.
846 4258 947 4322 fieret·
963 4289 972 4301 ·
978 4260 1097 4324 futurum
1104 4279 1116 4320 ;
1134 4268 1158 4312 id
1174 4269 1238 4324 quod
1255 4269 1354 4312 ornoiuo
