2762 4760
1122 206 1206 270 79-

35 358 172 426 Maiore
193 359 314 424 interea
336 356 467 442 capiunt
483 357 650 423 dulcedine
666 358 827 435 fructum,

35 465 139 544 Quam
160 462 310 527 silvestre
333 483 433 546 genus
454 461 603 545 cupiebat
623 462 870 547 terrigenarum.
1076 467 1158 528 1410

96 568 202 642 Nam,
225 568 315 651 quod
336 568 425 628 adest
446 576 596 648 praesto,
619 564 681 628 nisi
703 563 780 651 quid
802 560 1018 649 cognovimus
1041 577 1112 628 ante

35 669 189 746 Suavius,
212 668 246 732 in
268 666 379 750 primis
397 667 505 750 piacet
523 679 554 732 et
575 668 701 752 pollere
725 667 870 743 videtur;

34 771 274 857 Posteriorque
294 771 364 834 fere
385 771 501 836 melior
520 793 572 836 res
592 770 657 836 olla
679 782 809 855 reperta

33 876 150 940 Perdit
174 886 206 939 et
226 874 370 939 immutat
391 895 501 938 sensus
524 877 565 938 ad
585 873 731 958 pristinav
744 895 902 961 quaeque.

35 978 91 1042 Sic
112 977 224 1042 odium
246 975 332 1060 cepit
354 976 497 1061 glandis3
520 974 568 1040 sic
590 977 654 1041 olla
672 976 785 1040 relicta
1075 982 1156 1043 1415

36 1084 142 1145 Strata
167 1079 287 1144 cubilia
310 1090 381 1142 sunt
402 1079 513 1143 herbis
534 1091 565 1144 et
583 1080 754 1144 frondibus
776 1093 881 1145 aucta.

34 1184 136 1248 Pellis
156 1182 233 1247 item
251 1181 385 1258 cecidit,
409 1181 506 1246 vestis
529 1194 713 1265 contempta
732 1184 887 1260 feriaret,

35 1287 138 1366 Quam
161 1307 239 1350 reor
260 1283 382 1348 invidia
403 1284 459 1347 tali
479 1297 556 1348 tunc
575 1307 643 1349 esse
665 1299 844 1369 repertam,

34 1391 78 1453 Ut
98 1389 199 1452 letum
220 1386 362 1463 insidiis,
385 1386 441 1473 qui
461 1387 561 1472 gessit
583 1387 722 1470 primus,
745 1390 875 1454 obiret:

33 1493 76 1554 Et
96 1502 204 1554 tamen
224 1488 309 1552 inter
330 1511 388 1554 eos
409 1488 593 1553 distractam
616 1490 769 1575 sanguine
791 1493 892 1557 multo
1010 1524 1012 1527 ’
1073 1495 1156 1556 tuto

33 1592 228 1675 Disperiisse
250 1612 353 1676 neque
374 1589 408 1653 in
429 1591 570 1654 fructum
594 1605 790 1657 convortere
813 1593 932 1680 quisse.

97 1698 193 1758 Tunc
214 1693 318 1779 igitur
338 1693 456 1777 pelles,
480 1715 563 1759 nunc
587 1717 698 1758 aurum
721 1706 753 1759 et
774 1718 920 1779 purpura
943 1697 1030 1762 curis

34 1800 200 1861 Exercent
222 1796 386 1861 hominum
412 1795 511 1859 vitam
534 1796 686 1883 belloque
708 1797 865 1884 fatigant;

35 1901 112 1980 Quo·
132 1899 236 1984 magis
259 1898 291 1960 in
312 1897 422 1975 nobis,
445 1910 481 1961 ut
503 1898 640 1981 opinor,
665 1899 759 1983 culpa
780 1900 912 1965 resedit.

34 2002 154 2087 Frigus
177 2001 262 2064 enim
283 2003 386 2065 nudos
408 1999 475 2064 sine
495 2000 634 2082 pellibus
656 2001 863 2065 excruciabat
1073 2005 1155 2069 tut5

34 2105 249 2189 Terrigenas3
273 2115 306 2166 at
327 2125 387 2169 uos
409 2102 454 2166 nil
476 2103 574 2167 laedit
597 2115 685 2168 veste
708 2126 819 2168 carere

34 2209 203 2289 Purpurea
225 2216 319 2291 atque
339 2226 418 2270 auro
439 2205 604 2292 signisque
624 2206 804 2292 rigentibus
829 2220 920 2292 apta3

34 2309 116 2374 Dum
136 2307 262 2391 plebeia
280 2318 383 2371 tamen
402 2306 462 2385 sit,
485 2330 566 2393 quae
589 2309 760 2373 defendere
782 2310 899 2393 possit.

33 2412 125 2495 Ergo
146 2410 311 2475 hominum
332 2430 431 2494 genus
452 2409 610 2473 incussum
634 2411 817 2497 frustraque
837 2414 966 2479 laborat

34 2515 165 2596 Semper
187 2525 219 2577 et
241 2512 275 2577 in
296 2512 383 2576 curis
405 2511 565 2581 consumit
586 2512 734 2577 inanibus
756 2536 891 2580 aevom:
1065 2522 1148 2582 1430

33 2614 209 2693 Nimirum,
234 2616 397 2702 quianon
421 2617 596 2700 cognovit,
620 2637 702 2702 quae
724 2615 767 2680 sit
787 2618 926 2680 habendi

33 2717 121 2781 Finis
143 2730 176 2782 et
198 2700 329 2783 omnino
353 2720 461 2804 quoad
484 2729 610 2782 crescat
632 2740 710 2782 vera
734 2719 903 2802 voluptas:

32 2820 132 2904 quue
155 2816 332 2883 minutatim
354 2819 454 2883 vitam
478 2819 635 2902 provexit
654 2819 688 2883 in
711 2821 807 2884 altum

32 2922 75 2985 Et
90 2920 172 2987 belli
193 2945 326 3007 magnos
349 2921 527 2987 commovit
544 2920 686 2986 funditus
710 2934 827 2988 aestus.

92 3029 140 3090 At
165 3024 281 3110 vigiles
305 3023 411 3089 mundi
433 3046 581 3109 magnum
604 3035 636 3088 et
654 3026 808 3089 vorsatile
831 3027 982 3110 temptum
1071 3032 1152 3094 1435

34 3126 143 3192 Solet
165 3127 238 3191 luna
263 3149 322 3193 suo
343 3127 512 3191 lustrantes
534 3125 651 3191 lumine
672 3126 792 3190 circum

33 3229 241 3294 Perdocuere
262 3227 408 3294 homines
429 3250 584 3292 annorum
607 3239 755 3311 tempora
777 3229 866 3294 vorti

33 3331 74 3394 Et
96 3341 188 3415 certa
207 3331 333 3396 ratione
356 3330 427 3416 geri
447 3352 515 3395 rem
538 3341 633 3415 atque
655 3329 768 3395 ordine
789 3343 894 3396 certo.

40 3586 132 3647 priora)
153 3590 284 3645 reporta¹';
317 3589 500 3647 potiusquam:
530 3588 633 3643 „Itaque
652 3587 740 3631 metior
758 3601 797 3632 res
817 3587 939 3641 posterior
957 3595 1053 3645 reperta
1073 3596 1151 3648 perdit

31 3670 112 3703 sensus
132 3671 221 3716 eosque
239 3659 373 3702 immutat.”
421 3654 497 3703 1415.
517 3658 557 3702 Sic
570 3657 612 3701 W.
627 3656 657 3700 F.
676 3657 757 3712 eoepit
774 3658 864 3715 Vulgo.
916 3656 993 3705 1417.
1006 3658 1150 3719 ferinunt

27 3726 55 3771 t..
65 3728 96 3773 11.
115 3728 210 3772 Fit-mat
222 3728 266 3772 Cd.
277 3726 307 3772 t.
319 3728 361 3772 W.
374 3748 412 3761 -
424 3728 509 3773 tedet.
523 3730 562 3771 eat
572 3738 626 3770 curn
636 3725 664 3771 G.
702 3722 779 3770 1418.
790 3726 885 3770 tuncE.
895 3728 964 3772 Brix.
975 3728 1068 3776 aaut.
1077 3732 1147 3779 Eich.

27 3813 59 3830 ··
75 3810 145 3841 nunc
158 3796 187 3842 C.
204 3798 265 3843 Ver.
284 3799 344 3841 Ven.
362 3797 404 3845 W.
462 3792 539 3840 1420.
559 3792 593 3839 Et
606 3799 703 3847 tamen,
723 3794 892 3850 nihilomiuus,
912 3801 1064 3854 quantumvis
1083 3808 1149 3848 essct

29 3867 150 3920 pretiosa,
169 3879 272 3922 prorsus
290 3878 320 3910 ex
339 3879 382 3910 usu
400 3865 547 3911 Lucretiano
564 3859 625 3924 (cfr.
643 3875 717 3917 supra
732 3877 756 3908 v.
772 3860 854 3920 1095,
878 3864 959 3922 1124,
980 3866 1067 3925 1116.)
1087 3871 1147 3916 Cdd.

29 3934 56 3979 G.
68 3936 98 3981 E.
110 3936 180 3980 Brix.
191 3935 236 3980 Αν.
258 3956 288 3968 -
307 3933 341 3979 Et
355 3935 456 3981 tundam
470 3936 566 3993 Vulgo,
584 3933 656 3977 etiam
671 3932 714 3977 W.
751 3933 787 3978 lb.
806 3933 956 3981 distructum
969 3935 1049 3983 firmat
1065 3938 1096 3983 E.
1117 3960 1147 3973 -·

28 4001 175 4050 distructum
187 4005 217 4050 G.
228 4004 258 4050 1..
268 4006 298 4049 tt.
335 4004 372 4049 lb.
391 4001 743 4066 anaguinemultoabsotut03
762 4006 913 4051 scitcd'uso.
953 4003 1029 4054 1421.
1049 4005 1149 4066 diapor-

28 4073 91 4119 aim
111 4073 142 4119 t..
164 4075 195 4119 11.
251 4071 328 4119 1424.
348 4073 441 4120 recidit
459 4074 489 4119 1..
510 4074 541 4119 11,
599 4068 674 4118 1421.
694 4073 836 4134 rigentibus
858 4076 887 4120 de
912 4075 997 4120 lortini
1019 4076 1084 4120 coni.
1105 4078 1148 4122 W.

30 4141 88 4187 Aen.
100 4141 149 4198 11,
165 4141 207 4189 72.
226 4144 345 4206 geminas
363 4150 444 4189 uester
461 4156 571 4203 auroque
583 4148 699 4202 ostroque
711 4144 840 4203 rigentes:
858 4144 904 4189 cfr.
915 4145 976 4189 Aen.
990 4140 1019 4199 1,
1035 4140 1094 4189 648.
1114 4165 1150 4179 -

30 4212 167 4272 uigentibus
175 4215 236 4259 Ver.
250 4217 313 4262 ven.
325 4215 370 4261 Ar.
381 4214 413 4259 Ρ.
428 4235 457 4247 -·
470 4211 616 4274 ingentibus
628 4212 658 4258 0.
667 4212 697 4256 Ε.
707 4214 774 4258 Bria.
785 4215 815 4257 A.
823 4213 853 4258 1..
865 4214 896 4258 11.
936 4207 1012 4257 1435.
1026 4226 1148 4274 magnum
1220 4263 1222 4269 ,

30 4283 145 4328 vortatita
163 4297 213 4331 om.
233 4291 257 4333 et
275 4290 359 4331 contra
377 4296 446 4330 nsum
463 4286 590 4341 pottarutn
608 4282 663 4328 Lat.
678 4281 720 4329 Cd.
733 4281 763 4327 E.
776 4283 819 4327 W.
839 4281 870 4327 Ut
886 4290 945 4335 nos,
961 4280 991 4326 C.
