2736 4748
1095 162 1158 237 idi

83 322 224 403 XVlII.
256 315 437 406 Anonymi
457 315 493 380 in
515 316 717 382 Neronem.
738 314 890 397 (Anthol.
912 319 958 382 L.
983 317 1016 382 2.
1042 321 1109 398 tt.)

37 439 118 522 Quis
140 448 236 523 negat
258 438 389 502 Aeneae
411 457 525 520 magua
548 437 588 499 de
609 434 710 517 stirpe
732 435 926 501 Neronem?

99 542 237 605 Sustulit
258 539 310 603 hic
332 544 484 614 matrem,
507 537 633 600 sustulit
654 536 708 602 ille
730 549 868 620 petrem.

134 699 240 777 ΧΙΧ.
260 699 300 763 0.
322 694 478 762 Petronii
499 694 647 759 Arbitri.
670 694 821 775 (Anthol.
846 697 889 758 L.
913 695 945 760 3.
971 698 1059 776 158.)

35 810 164 873 Nomen
187 796 358 882 amicitiae,
381 804 409 869 si
431 816 585 888 quatenus
607 805 753 886 expedit,
776 807 905 882 haeret,

98 910 252 975 Calculus
272 907 305 970 in
327 907 433 970 tabula
455 907 573 971 mobile
595 906 680 968 ducit
703 927 798 987 opus.

36 1013 144 1091 Quom
166 1011 296 1074 fortuna
316 1020 436 1083 manet,
461 1008 583 1072 voltum
606 1005 742 1069 servatis
764 1006 875 1071 amici:

98 1112 208 1192 erom
230 1109 329 1187 cedit,
352 1108 440 1191 turpi
460 1107 585 1171 vertitis
608 1128 666 1172 ora
687 1107 780 1191 suga.

36 1214 127 1276 Grex
150 1211 219 1295 agit
239 1210 270 1274 in
291 1231 406 1275 senene
428 1209 575 1272 miluum:
598 1221 691 1291 peter
711 1207 764 1271 ille
787 1219 940 1286 vocatur,
1135 1214 1154 1275 5

96 1313 203 1376 Filius
224 1311 294 1387 hic;
317 1333 432 1376 nomen
455 1310 562 1373 divitis
583 1309 638 1372 illc
659 1319 758 1372 tenet.

36 1414 121 1478 Mox
143 1413 200 1476 ubi
221 1413 367 1476 ridendus
389 1412 518 1477 inclusit
539 1410 656 1494 pagine
678 1421 802 1492 partes,

97 1516 189 1579 Vera
211 1513 295 1578 redit
314 1514 430 1591 iacies,
455 1512 648 1577 dissimulata
670 1512 768 1594 perit.

307 1675 388 1737 XX.
431 1669 616 1735 Euclionis.
640 1670 806 1734 Liciniae.
830 1674 872 1735 L.

35 1785 159 1848 Docta.
181 1780 345 1848 Erndita.
367 1783 508 1848 Omnes.
531 1782 649 1844 Artes.
675 1781 801 1864 Virgo.
827 1783 941 1848 Vixit.
965 1785 1034 1848 An.
1051 1787 1152 1851 XIV.

391 1891 544 1973 (Authol.
568 1892 613 1954 L.
637 1895 670 1954 l.
693 1893 784 1972 353.)

74 2005 165 2067 Heus
189 2003 285 2067 oculo
307 2012 433 2067 errante
455 2001 530 2087 quei
551 2002 688 2084 adspicis
712 2002 765 2065 leti
788 2005 933 2082 domum,

32 2100 167 2169 Morere
191 2125 335 2189 gressum
362 2115 394 2168 et
415 2105 541 2167 titulum
564 2116 708 2168 nostrum
730 2103 882 2189 perlege3

35 2207 140 2270 Amor
161 2206 302 2289 parentis
325 2228 418 2291 quem
441 2204 526 2268 dedit
547 2217 639 2268 natae
660 2225 754 2281 sure,

34 2307 115 2371 Ubei
137 2329 171 2372 se
193 2306 348 2392 reliquiae
369 2307 578 2372 conlucerent
600 2306 761 2388 corporis.

34 2408 137 2483 Heio,
163 2407 273 2473 viridis
296 2420 382 2471 aetas
404 2430 501 2491 quom
523 2408 656 2472 floreret
677 2408 817 2485 artibus,

34 2507 208 2573 Crescente
231 2521 263 2573 et
284 2530 365 2574 aevo
389 2509 526 2593 gloriam
549 2513 800 2588 conscenderet,

34 2610 230 2693 Properavit
248 2613 329 2675 hora
352 2610 451 2673 tristis
472 2611 578 2674 fatalis
600 2632 668 2674 mea

34 2711 76 2775 Et
97 2712 271 2797 denegavit
292 2712 499 2776 ultre‘veitae
524 2711 684 2793 spiritum.

32 2808 157 2891 Docte,
181 2813 308 2878 erudite
330 2835 431 2896 paene
453 2816 623 2878 Musarum
647 2836 755 2891 mauu,

34 2914 123 2992 Quae
145 2918 242 2980 modo
264 2916 416 2979 nobilium
439 2917 532 2979 ludos
555 2917 707 2981 decoravi
729 2919 832 2982 choro

34 3014 75 3078 Et
96 3018 224 3081 Graeca
243 3016 278 3080 in
299 3039 412 3082 scaena
434 3017 535 3100 prima
557 3019 679 3100 populo
701 3019 859 3101 apparui,

33 3116 167 3182 Euhoe
192 3118 225 3181 in
245 3119 368 3184 tumulo
391 3119 528 3182 cinerem
550 3119 653 3183 nostri
675 3123 825 3203 corporis

33 3215 171 3283 lulestae
192 3220 317 3284 Parcae
339 3219 545 3302 deposierunt
567 3219 719 3283 carmine.
775 3304 776 3307 Ἴ

33 3318 175 3383 Studium
197 3333 371 3403 patronae,
395 3343 496 3399 crura,
521 3342 632 3398 amor,
657 3322 785 3401 leudes,
810 3325 906 3388 decus

33 3419 132 3484 Sileut
153 3425 300 3488 ambusto
324 3445 465 3507 corpore
487 3435 518 3486 et
540 3424 606 3487 leto
628 3423 746 3491 iacent.

34 3519 161 3608 Reliqui
181 3524 291 3588 fletum
313 3536 387 3589 nata
409 3524 551 3611 genituri
573 3547 646 3593 meo

96 3721 160 3769 XX.
179 3736 204 3770 v.
222 3725 342 3771 Viscoutii
359 3726 472 3787 lconogr.
491 3741 531 3787 gr.
550 3727 582 3774 Τ.
601 3727 622 3773 l.
641 3740 666 3782 p.
694 3720 761 3781 118..
781 3728 848 3771 cuius
867 3739 897 3771 ex
909 3727 1021 3783 opinione
1033 3727 1151 3774 Eucheris

32 3789 73 3834 inlr
90 3790 189 3853 Nerone
206 3795 274 3839 sirit.
295 3792 322 3840 5.
340 3795 455 3855 liutger-s.
474 3798 543 3842 Vise.
562 3799 653 3842 metunt
670 3795 727 3840 Hei.
767 3793 808 3841 13.
827 3797 940 3840 carmine
959 3797 983 3841 li.
1003 3799 1021 3842 l.
1037 3813 1082 3843 uon
1103 3804 1151 3843 tum

32 3865 119 3914 enntn,
139 3876 211 3918 quem
228 3861 269 3907 filo
286 3864 348 3920 fstt,
367 3879 381 3909 s
399 3866 563 3920 carminare,
593 3871 617 3909 ul
635 3862 800 3919 Carmentae,
820 3861 974 3914 Gne-menter.
995 3867 1041 3915 eir.
1063 3868 1148 3911 ilorul.

32 3925 105 3981 Eune.
128 3928 169 3985 13,
192 3928 233 3977 15.
271 3931 339 3978 Unde
362 3933 533 3979 intrantium
550 3940 619 3978 certo
642 3933 781 3977 subtemine
799 3933 896 3978 Parcae
914 3933 1020 3992 Rupere.
1042 3936 1149 3978 Creuzer

33 3995 137 4046 iriubol.
158 4000 189 4044 Τ.
209 3999 241 4045 ir
253 4015 279 4057 p.
305 4000 365 4048 90⁰.
413 4000 454 4050 15.
481 4004 585 4057 „iacent
613 4015 642 4047 ex
667 4003 719 4057 ipso
738 4016 859 4048 marmore
878 4002 970 4048 Gudius
988 4004 1151 4057 adscripscrat

32 4063 152 4123 Gurtero,
172 4071 212 4127 qui
230 4073 292 4116 mele
312 4072 386 4117 edidit
402 4074 510 4117 taeent.”
527 4074 611 4117 Burni.
651 4069 693 4116 ll.
712 4072 741 4116 de
760 4073 856 4127 propris
875 4074 1012 4116 conuectum
1030 4083 1075 4125 pro
1092 4075 1150 4125 pust

31 4132 71 4178 leti
86 4135 175 4192 diem,
200 4141 263 4197 quod
281 4154 352 4186 sensu
371 4147 455 4196 erret,
485 4143 538 4186 dedi
558 4148 635 4200 poet,
664 4141 687 4184 id
705 4144 759 4194 est,
791 4141 836 4184 sub
854 4141 899 4183 leti
916 4138 1024 4182 domium.
1071 4138 1149 4181 Poeta

33 4205 119 4252 scilieet
137 4207 213 4252 iuvilo
231 4210 351 4266 scalptore
370 4212 467 4256 lusurus
486 4216 538 4255 eret
555 4212 579 4255 iu
597 4209 743 4255 elteruuudis
763 4208 803 4252 his.
817 4207 915 4252 vocibus
934 4205 1041 4260 domiso,
1060 4205 1126 4250 dies.
