<?xml version="1.0" encoding="UTF-8"?>
<!DOCTYPE html PUBLIC "-//W3C//DTD XHTML 1.0 Transitional//EN"
    "http://www.w3.org/TR/xhtml1/DTD/xhtml1-transitional.dtd">
<html xmlns="http://www.w3.org/1999/xhtml" xml:lang="en" lang="en">
 <head>
  <title>
</title>
<meta http-equiv="Content-Type" content="text/html;charset=utf-8" />
  <meta name='ocr-system' content='tesseract 3.04.00' />
  <meta name='ocr-capabilities' content='ocr_page ocr_carea ocr_par ocr_line ocrx_word'/>
</head>
<body>
  <div class='ocr_page' id='page_1' title='image "./eclogaepoetarum02orelgoog_0040.png"; bbox 0 0 2762 4760; ppageno 0'>
   <div class='ocr_carea' id='block_1_1' title="bbox 26 347 1009 2381">
    <p class='ocr_par' dir='ltr' id='par_1_1' title="bbox 26 347 845 537">
     <span class='ocr_line' id='line_1_1' title="bbox 26 347 845 433; baseline 0.001 -22"><span class='ocrx_word' id='word_1_1' title='bbox 26 348 223 422; x_wconf 85' lang='lat' dir='ltr'>Discedunt3</span> <span class='ocrx_word' id='word_1_2' title='bbox 245 358 347 410; x_wconf 86' lang='lat' dir='ltr'>toturn</span> <span class='ocrx_word' id='word_1_3' title='bbox 371 347 467 414; x_wconf 89' lang='lat' dir='ltr'>video</span> <span class='ocrx_word' id='word_1_4' title='bbox 489 370 548 430; x_wconf 89' lang='lat' dir='ltr'>per</span> <span class='ocrx_word' id='word_1_5' title='bbox 568 347 660 412; x_wconf 89' lang='lat' dir='ltr'>inane</span> <span class='ocrx_word' id='word_1_6' title='bbox 683 349 753 433; x_wconf 83' lang='lat' dir='ltr'>geri</span> <span class='ocrx_word' id='word_1_7' title='bbox 775 372 845 414; x_wconf 87' lang='lat' dir='ltr'>res:</span> 
     </span>
     <span class='ocr_line' id='line_1_2' title="bbox 28 450 782 537; baseline 0.004 -25"><span class='ocrx_word' id='word_1_8' title='bbox 28 454 175 532; x_wconf 83' lang='lat' dir='ltr'><strong>Apparet</strong></span> <span class='ocrx_word' id='word_1_9' title='bbox 198 450 307 512; x_wconf 80' lang='lat' dir='ltr'>divdm</span> <span class='ocrx_word' id='word_1_10' title='bbox 330 472 443 513; x_wconf 85' lang='lat' dir='ltr'>numen</span> <span class='ocrx_word' id='word_1_11' title='bbox 465 455 618 536; x_wconf 87' lang='lat' dir='ltr'>sedesque</span> <span class='ocrx_word' id='word_1_12' title='bbox 641 450 782 537; x_wconf 88' lang='lat' dir='ltr'>quietae;</span> 
     </span>
    </p>

    <p class='ocr_par' dir='ltr' id='par_1_2' title="bbox 28 551 980 740">
     <span class='ocr_line' id='line_1_3' title="bbox 30 551 980 639; baseline 0.003 -24"><span class='ocrx_word' id='word_1_13' title='bbox 30 554 116 632; x_wconf 78' lang='lat' dir='ltr'>Quas</span> <span class='ocrx_word' id='word_1_14' title='bbox 138 574 242 636; x_wconf 91' lang='lat' dir='ltr'>neque</span> <span class='ocrx_word' id='word_1_15' title='bbox 265 551 450 615; x_wconf 88' lang='lat' dir='ltr'>concutiunt</span> <span class='ocrx_word' id='word_1_16' title='bbox 472 553 578 618; x_wconf 88' lang='lat' dir='ltr'>ventei</span> <span class='ocrx_word' id='word_1_17' title='bbox 600 576 658 618; x_wconf 87' lang='lat' dir='ltr'>nec</span> <span class='ocrx_word' id='word_1_18' title='bbox 680 554 787 617; x_wconf 89' lang='lat' dir='ltr'>nubila</span> <span class='ocrx_word' id='word_1_19' title='bbox 810 554 925 618; x_wconf 83' lang='lat' dir='ltr'>nimbis</span> <span class='ocrx_word' id='word_1_20' title='bbox 977 630 980 639; x_wconf 88' lang='lat'><strong>.</strong></span> 
     </span>
     <span class='ocr_line' id='line_1_4' title="bbox 28 654 836 740; baseline 0.004 -22"><span class='ocrx_word' id='word_1_21' title='bbox 28 658 217 738; x_wconf 81' lang='lat' dir='ltr'>Aspergunt</span> <span class='ocrx_word' id='word_1_22' title='bbox 238 676 340 739; x_wconf 91' lang='lat' dir='ltr'>neque</span> <span class='ocrx_word' id='word_1_23' title='bbox 362 654 418 716; x_wconf 86' lang='lat' dir='ltr'>nix</span> <span class='ocrx_word' id='word_1_24' title='bbox 441 656 508 718; x_wconf 82' lang='lat' dir='ltr'>acri</span> <span class='ocrx_word' id='word_1_25' title='bbox 531 668 681 721; x_wconf 88' lang='lat' dir='ltr'>concreta</span> <span class='ocrx_word' id='word_1_26' title='bbox 704 657 836 740; x_wconf 89' lang='lat' dir='ltr'>pruina,</span> 
     </span>
    </p>

    <p class='ocr_par' dir='ltr' id='par_1_3' title="bbox 27 755 927 943">
     <span class='ocr_line' id='line_1_5' title="bbox 28 755 927 842; baseline 0.002 -20"><span class='ocrx_word' id='word_1_27' title='bbox 28 758 118 822; x_wconf 90' lang='lat' dir='ltr'>Cana</span> <span class='ocrx_word' id='word_1_28' title='bbox 143 760 259 820; x_wconf 89' lang='lat' dir='ltr'>cadens</span> <span class='ocrx_word' id='word_1_29' title='bbox 283 755 401 820; x_wconf 89' lang='lat' dir='ltr'>violat:</span> <span class='ocrx_word' id='word_1_30' title='bbox 427 779 614 842; x_wconf 80' lang='lat' dir='ltr'>semperque</span> <span class='ocrx_word' id='word_1_31' title='bbox 636 759 796 823; x_wconf 83' lang='lat' dir='ltr'><strong>innubilus</strong></span> <span class='ocrx_word' id='word_1_32' title='bbox 819 763 927 824; x_wconf 81' lang='lat' dir='ltr'>aether</span> 
     </span>
     <span class='ocr_line' id='line_1_6' title="bbox 27 859 722 943; baseline 0 -19"><span class='ocrx_word' id='word_1_33' title='bbox 27 864 161 943; x_wconf 82' lang='lat' dir='ltr'>Integer</span> <span class='ocrx_word' id='word_1_34' title='bbox 183 871 214 922; x_wconf 87' lang='lat' dir='ltr'>et</span> <span class='ocrx_word' id='word_1_35' title='bbox 236 859 325 941; x_wconf 83' lang='lat' dir='ltr'>large</span> <span class='ocrx_word' id='word_1_36' title='bbox 349 859 466 922; x_wconf 85' lang='lat' dir='ltr'>diffuso</span> <span class='ocrx_word' id='word_1_37' title='bbox 487 860 603 922; x_wconf 91' lang='lat' dir='ltr'>lumine</span> <span class='ocrx_word' id='word_1_38' title='bbox 626 860 722 926; x_wconf 91' lang='lat' dir='ltr'>ridet.</span> 
     </span>
    </p>

    <p class='ocr_par' dir='ltr' id='par_1_4' title="bbox 29 961 821 1048">
     <span class='ocr_line' id='line_1_7' title="bbox 29 961 821 1048; baseline 0.001 -21"><span class='ocrx_word' id='word_1_39' title='bbox 29 963 147 1029; x_wconf 85' lang='lat' dir='ltr'>Omnia</span> <span class='ocrx_word' id='word_1_40' title='bbox 169 961 349 1043; x_wconf 89' lang='lat' dir='ltr'>suppeditat</span> <span class='ocrx_word' id='word_1_41' title='bbox 370 983 476 1043; x_wconf 85' lang='lat' dir='ltr'>porro</span> <span class='ocrx_word' id='word_1_42' title='bbox 498 974 611 1026; x_wconf 86' lang='lat' dir='ltr'>natura</span> <span class='ocrx_word' id='word_1_43' title='bbox 632 986 734 1048; x_wconf 87' lang='lat' dir='ltr'>neque</span> <span class='ocrx_word' id='word_1_44' title='bbox 757 965 821 1028; x_wconf 91' lang='lat' dir='ltr'>ulla</span> 
     </span>
    </p>

    <p class='ocr_par' dir='ltr' id='par_1_5' title="bbox 28 1064 806 1147">
     <span class='ocr_line' id='line_1_8' title="bbox 28 1064 806 1147; baseline 0.001 -17"><span class='ocrx_word' id='word_1_45' title='bbox 28 1068 97 1130; x_wconf 86' lang='lat' dir='ltr'>Res</span> <span class='ocrx_word' id='word_1_46' title='bbox 120 1064 215 1128; x_wconf 84' lang='lat' dir='ltr'>animi</span> <span class='ocrx_word' id='word_1_47' title='bbox 235 1085 346 1146; x_wconf 87' lang='lat' dir='ltr'>pacem</span> <span class='ocrx_word' id='word_1_48' title='bbox 369 1064 486 1126; x_wconf 89' lang='lat' dir='ltr'>delibat</span> <span class='ocrx_word' id='word_1_49' title='bbox 506 1077 652 1147; x_wconf 86' lang='lat' dir='ltr'>tempore</span> <span class='ocrx_word' id='word_1_50' title='bbox 673 1066 706 1129; x_wconf 92' lang='lat' dir='ltr'>iu</span> <span class='ocrx_word' id='word_1_51' title='bbox 727 1067 806 1130; x_wconf 87' lang='lat' dir='ltr'>ullo.</span> 
     </span>
    </p>

    <p class='ocr_par' dir='ltr' id='par_1_6' title="bbox 27 1168 922 1353">
     <span class='ocr_line' id='line_1_9' title="bbox 27 1168 922 1253; baseline 0.003 -23"><span class='ocrx_word' id='word_1_52' title='bbox 27 1171 76 1231; x_wconf 88' lang='lat' dir='ltr'>At</span> <span class='ocrx_word' id='word_1_53' title='bbox 101 1179 215 1230; x_wconf 85' lang='lat' dir='ltr'>contra</span> <span class='ocrx_word' id='word_1_54' title='bbox 237 1188 389 1250; x_wconf 81' lang='lat' dir='ltr'>nusquam</span> <span class='ocrx_word' id='word_1_55' title='bbox 412 1178 565 1248; x_wconf 83' lang='lat' dir='ltr'>apparent</span> <span class='ocrx_word' id='word_1_56' title='bbox 588 1168 767 1232; x_wconf 84' lang='lat' dir='ltr'>Acherusia</span> <span class='ocrx_word' id='word_1_57' title='bbox 789 1172 922 1253; x_wconf 79' lang='lat' dir='ltr'>tenapla3</span> 
     </span>
     <span class='ocr_line' id='line_1_10' title="bbox 28 1268 849 1353; baseline 0 -19"><span class='ocrx_word' id='word_1_58' title='bbox 28 1274 103 1334; x_wconf 85' lang='lat' dir='ltr'>Nec</span> <span class='ocrx_word' id='word_1_59' title='bbox 125 1270 219 1331; x_wconf 88' lang='lat' dir='ltr'>tellus</span> <span class='ocrx_word' id='word_1_60' title='bbox 241 1272 365 1343; x_wconf 83' lang='lat' dir='ltr'>obstat,</span> <span class='ocrx_word' id='word_1_61' title='bbox 391 1268 468 1353; x_wconf 92' lang='lat' dir='ltr'>quin</span> <span class='ocrx_word' id='word_1_62' title='bbox 491 1270 596 1332; x_wconf 88' lang='lat' dir='ltr'>omnia</span> <span class='ocrx_word' id='word_1_63' title='bbox 619 1270 849 1352; x_wconf 85' lang='lat' dir='ltr'>despiciantur,</span> 
     </span>
    </p>

    <p class='ocr_par' dir='ltr' id='par_1_7' title="bbox 28 1369 1009 1760">
     <span class='ocr_line' id='line_1_11' title="bbox 28 1369 1009 1458; baseline 0.003 -23"><span class='ocrx_word' id='word_1_64' title='bbox 28 1376 99 1436; x_wconf 88' lang='lat' dir='ltr'>Sub</span> <span class='ocrx_word' id='word_1_65' title='bbox 122 1370 257 1453; x_wconf 86' lang='lat' dir='ltr'>pedibus</span> <span class='ocrx_word' id='word_1_66' title='bbox 279 1392 521 1455; x_wconf 88' lang='lat' dir='ltr'>quaequomque</span> <span class='ocrx_word' id='word_1_67' title='bbox 544 1369 628 1433; x_wconf 84' lang='lat' dir='ltr'>infra</span> <span class='ocrx_word' id='word_1_68' title='bbox 650 1374 820 1454; x_wconf 87' lang='lat' dir='ltr'>perinane</span> <span class='ocrx_word' id='word_1_69' title='bbox 843 1385 1009 1458; x_wconf 84' lang='lat' dir='ltr'>geruntur.</span> 
     </span>
     <span class='ocr_line' id='line_1_12' title="bbox 28 1473 829 1557; baseline 0.001 -20"><span class='ocrx_word' id='word_1_70' title='bbox 28 1475 94 1538; x_wconf 88' lang='lat' dir='ltr'>His</span> <span class='ocrx_word' id='word_1_71' title='bbox 116 1473 164 1536; x_wconf 89' lang='lat' dir='ltr'>ibi</span> <span class='ocrx_word' id='word_1_72' title='bbox 186 1495 234 1534; x_wconf 88' lang='lat' dir='ltr'>me</span> <span class='ocrx_word' id='word_1_73' title='bbox 256 1475 352 1536; x_wconf 88' lang='lat' dir='ltr'>rebus</span> <span class='ocrx_word' id='word_1_74' title='bbox 374 1476 526 1557; x_wconf 88' lang='lat' dir='ltr'>quaedam</span> <span class='ocrx_word' id='word_1_75' title='bbox 551 1473 658 1536; x_wconf 90' lang='lat' dir='ltr'>divina</span> <span class='ocrx_word' id='word_1_76' title='bbox 680 1475 829 1557; x_wconf 89' lang='lat' dir='ltr'>voluptas</span> 
     </span>
     <span class='ocr_line' id='line_1_13' title="bbox 30 1575 902 1659; baseline 0.002 -19"><span class='ocrx_word' id='word_1_77' title='bbox 30 1575 182 1658; x_wconf 89' lang='lat' dir='ltr'>Percipit</span> <span class='ocrx_word' id='word_1_78' title='bbox 204 1586 297 1659; x_wconf 91' lang='lat' dir='ltr'>atque</span> <span class='ocrx_word' id='word_1_79' title='bbox 320 1579 459 1649; x_wconf 85' lang='lat' dir='ltr'>horror;</span> <span class='ocrx_word' id='word_1_80' title='bbox 482 1578 571 1659; x_wconf 92' lang='lat' dir='ltr'>quod</span> <span class='ocrx_word' id='word_1_81' title='bbox 592 1577 638 1639; x_wconf 91' lang='lat' dir='ltr'>sic</span> <span class='ocrx_word' id='word_1_82' title='bbox 660 1588 771 1639; x_wconf 88' lang='lat' dir='ltr'>natura</span> <span class='ocrx_word' id='word_1_83' title='bbox 793 1590 846 1640; x_wconf 91' lang='lat' dir='ltr'>tua</span> <span class='ocrx_word' id='word_1_84' title='bbox 868 1579 902 1642; x_wconf 85' lang='lat' dir='ltr'>vi</span> 
     </span>
     <span class='ocr_line' id='line_1_14' title="bbox 29 1677 900 1760; baseline 0.002 -19"><span class='ocrx_word' id='word_1_85' title='bbox 29 1683 115 1741; x_wconf 84' lang='lat' dir='ltr'>&#39;l&#39;am</span> <span class='ocrx_word' id='word_1_86' title='bbox 140 1677 300 1740; x_wconf 87' lang='lat' dir='ltr'>manifesta</span> <span class='ocrx_word' id='word_1_87' title='bbox 324 1687 435 1759; x_wconf 87' lang='lat' dir='ltr'>patens</span> <span class='ocrx_word' id='word_1_88' title='bbox 456 1699 496 1738; x_wconf 87' lang='lat' dir='ltr'>ex</span> <span class='ocrx_word' id='word_1_89' title='bbox 520 1677 606 1740; x_wconf 73' lang='lat' dir='ltr'>oanni</span> <span class='ocrx_word' id='word_1_90' title='bbox 627 1691 718 1760; x_wconf 90' lang='lat' dir='ltr'>parte</span> <span class='ocrx_word' id='word_1_91' title='bbox 739 1690 900 1743; x_wconf 88' lang='lat' dir='ltr'>retectast.</span> 
     </span>
    </p>

    <p class='ocr_par' dir='ltr' id='par_1_8' title="bbox 28 1779 956 2257">
     <span class='ocr_line' id='line_1_15' title="bbox 29 1779 879 1865; baseline -0.001 -20"><span class='ocrx_word' id='word_1_92' title='bbox 29 1785 76 1845; x_wconf 90' lang='lat' dir='ltr'>Et</span> <span class='ocrx_word' id='word_1_93' title='bbox 99 1780 250 1865; x_wconf 86' lang='lat' dir='ltr'>quoniam</span> <span class='ocrx_word' id='word_1_94' title='bbox 274 1779 387 1854; x_wconf 92' lang='lat' dir='ltr'>docui,</span> <span class='ocrx_word' id='word_1_95' title='bbox 412 1790 594 1842; x_wconf 88' lang='lat' dir='ltr'>cunctarum</span> <span class='ocrx_word' id='word_1_96' title='bbox 617 1781 751 1844; x_wconf 83' lang='lat' dir='ltr'>exordia</span> <span class='ocrx_word' id='word_1_97' title='bbox 773 1804 879 1845; x_wconf 84' lang='lat' dir='ltr'>reruni</span> 
     </span>
     <span class='ocr_line' id='line_1_16' title="bbox 30 1881 832 1966; baseline 0.001 -20"><span class='ocrx_word' id='word_1_98' title='bbox 30 1884 151 1966; x_wconf 86' lang='lat' dir='ltr'>Qualia</span> <span class='ocrx_word' id='word_1_99' title='bbox 174 1883 235 1944; x_wconf 89' lang='lat' dir='ltr'>sint</span> <span class='ocrx_word' id='word_1_100' title='bbox 256 1892 287 1945; x_wconf 89' lang='lat' dir='ltr'>ct</span> <span class='ocrx_word' id='word_1_101' title='bbox 309 1904 403 1965; x_wconf 85' lang='lat' dir='ltr'>quain</span> <span class='ocrx_word' id='word_1_102' title='bbox 427 1881 526 1944; x_wconf 85' lang='lat' dir='ltr'>variis</span> <span class='ocrx_word' id='word_1_103' title='bbox 549 1882 695 1946; x_wconf 88' lang='lat' dir='ltr'>distantia</span> <span class='ocrx_word' id='word_1_104' title='bbox 716 1884 832 1948; x_wconf 87' lang='lat' dir='ltr'>formis</span> 
     </span>
     <span class='ocr_line' id='line_1_17' title="bbox 28 1985 818 2070; baseline -0.005 -18"><span class='ocrx_word' id='word_1_105' title='bbox 28 1992 159 2070; x_wconf 85' lang='lat' dir='ltr'>Sponte</span> <span class='ocrx_word' id='word_1_106' title='bbox 181 2008 236 2048; x_wconf 88' lang='lat' dir='ltr'>sua</span> <span class='ocrx_word' id='word_1_107' title='bbox 258 1986 394 2050; x_wconf 88' lang='lat' dir='ltr'>volitent</span> <span class='ocrx_word' id='word_1_108' title='bbox 416 1997 546 2049; x_wconf 90' lang='lat' dir='ltr'>aeterno</span> <span class='ocrx_word' id='word_1_109' title='bbox 569 1985 692 2068; x_wconf 85' lang='lat' dir='ltr'>percita</span> <span class='ocrx_word' id='word_1_110' title='bbox 714 1997 818 2061; x_wconf 85' lang='lat' dir='ltr'>tuotu,</span> 
     </span>
     <span class='ocr_line' id='line_1_18' title="bbox 29 2086 956 2174; baseline -0.001 -22"><span class='ocrx_word' id='word_1_111' title='bbox 29 2093 175 2174; x_wconf 84' lang='lat' dir='ltr'>Quoque</span> <span class='ocrx_word' id='word_1_112' title='bbox 197 2091 293 2153; x_wconf 86' lang='lat' dir='ltr'>modo</span> <span class='ocrx_word' id='word_1_113' title='bbox 315 2086 441 2169; x_wconf 86' lang='lat' dir='ltr'>possint</span> <span class='ocrx_word' id='word_1_114' title='bbox 462 2109 514 2149; x_wconf 89' lang='lat' dir='ltr'>res</span> <span class='ocrx_word' id='word_1_115' title='bbox 535 2109 576 2150; x_wconf 86' lang='lat' dir='ltr'>cx</span> <span class='ocrx_word' id='word_1_116' title='bbox 596 2087 646 2150; x_wconf 92' lang='lat' dir='ltr'>his</span> <span class='ocrx_word' id='word_1_117' title='bbox 668 2110 811 2174; x_wconf 91' lang='lat' dir='ltr'>quaeque</span> <span class='ocrx_word' id='word_1_118' title='bbox 835 2089 956 2151; x_wconf 87' lang='lat' dir='ltr'>creari:</span> 
     </span>
     <span class='ocr_line' id='line_1_19' title="bbox 28 2189 807 2257; baseline -0.006 0"><span class='ocrx_word' id='word_1_119' title='bbox 28 2198 145 2257; x_wconf 86' lang='lat' dir='ltr'>Hasce</span> <span class='ocrx_word' id='word_1_120' title='bbox 166 2193 336 2255; x_wconf 91' lang='lat' dir='ltr'>secundum</span> <span class='ocrx_word' id='word_1_121' title='bbox 358 2213 409 2254; x_wconf 90' lang='lat' dir='ltr'>res</span> <span class='ocrx_word' id='word_1_122' title='bbox 431 2190 526 2253; x_wconf 86' lang='lat' dir='ltr'>animi</span> <span class='ocrx_word' id='word_1_123' title='bbox 547 2202 659 2254; x_wconf 85' lang='lat' dir='ltr'>natura</span> <span class='ocrx_word' id='word_1_124' title='bbox 680 2189 807 2255; x_wconf 86' lang='lat' dir='ltr'>videtur</span> 
     </span>
    </p>

    <p class='ocr_par' dir='ltr' id='par_1_9' title="bbox 27 2291 917 2381">
     <span class='ocr_line' id='line_1_20' title="bbox 27 2291 917 2381; baseline -0.007 -19"><span class='ocrx_word' id='word_1_125' title='bbox 27 2301 145 2381; x_wconf 90' lang='lat' dir='ltr'>Atque</span> <span class='ocrx_word' id='word_1_126' title='bbox 167 2294 287 2357; x_wconf 85' lang='lat' dir='ltr'>aniiuae</span> <span class='ocrx_word' id='word_1_127' title='bbox 311 2294 458 2355; x_wconf 87' lang='lat' dir='ltr'>claranda</span> <span class='ocrx_word' id='word_1_128' title='bbox 481 2291 559 2356; x_wconf 84' lang='lat' dir='ltr'>ineis</span> <span class='ocrx_word' id='word_1_129' title='bbox 580 2292 642 2354; x_wconf 87' lang='lat' dir='ltr'>iam</span> <span class='ocrx_word' id='word_1_130' title='bbox 665 2291 810 2355; x_wconf 84' lang='lat' dir='ltr'>versibus</span> <span class='ocrx_word' id='word_1_131' title='bbox 832 2314 917 2367; x_wconf 87' lang='lat' dir='ltr'>esse;</span> 
     </span>
    </p>
   </div>
   <div class='ocr_carea' id='block_1_2' title="bbox 25 2395 1149 2789">
    <p class='ocr_par' dir='ltr' id='par_1_10' title="bbox 26 2395 965 2583">
     <span class='ocr_line' id='line_1_21' title="bbox 26 2395 965 2478; baseline -0.006 -15"><span class='ocrx_word' id='word_1_132' title='bbox 26 2402 78 2463; x_wconf 90' lang='lat' dir='ltr'>Et</span> <span class='ocrx_word' id='word_1_133' title='bbox 102 2409 204 2460; x_wconf 81' lang='lat' dir='ltr'>tuctus</span> <span class='ocrx_word' id='word_1_134' title='bbox 226 2396 280 2459; x_wconf 93' lang='lat' dir='ltr'>ille</span> <span class='ocrx_word' id='word_1_135' title='bbox 301 2397 391 2459; x_wconf 81' lang='lat' dir='ltr'>foras</span> <span class='ocrx_word' id='word_1_136' title='bbox 412 2417 567 2476; x_wconf 87' lang='lat' dir='ltr'>praeceps</span> <span class='ocrx_word' id='word_1_137' title='bbox 590 2395 785 2458; x_wconf 86' lang='lat' dir='ltr'>Acheruntis</span> <span class='ocrx_word' id='word_1_138' title='bbox 807 2396 965 2478; x_wconf 78' lang='lat' dir='ltr'>a&#39;gundus,</span> 
     </span>
     <span class='ocr_line' id='line_1_22' title="bbox 26 2485 874 2583; baseline -0.007 -18"><span class='ocrx_word' id='word_1_139' title='bbox 26 2500 194 2566; x_wconf 89' lang='lat' dir='ltr'>Funditus</span> <span class='ocrx_word' id='word_1_140' title='bbox 215 2501 380 2561; x_wconf 86' lang='lat' dir='ltr'>humanam</span> <span class='ocrx_word' id='word_1_141' title='bbox 403 2485 458 2583; x_wconf 89' lang='lat' dir='ltr'>qui</span> <span class='ocrx_word' id='word_1_142' title='bbox 481 2496 577 2559; x_wconf 82' lang='lat' dir='ltr'>vitain</span> <span class='ocrx_word' id='word_1_143' title='bbox 599 2500 708 2559; x_wconf 90' lang='lat' dir='ltr'>turbat</span> <span class='ocrx_word' id='word_1_144' title='bbox 729 2500 769 2559; x_wconf 91' lang='lat' dir='ltr'>ab</span> <span class='ocrx_word' id='word_1_145' title='bbox 792 2495 874 2573; x_wconf 88' lang='lat' dir='ltr'>imo,</span> 
     </span>
    </p>

    <p class='ocr_par' dir='ltr' id='par_1_11' title="bbox 27 2599 889 2686">
     <span class='ocr_line' id='line_1_23' title="bbox 27 2599 889 2686; baseline -0.01 -16"><span class='ocrx_word' id='word_1_146' title='bbox 27 2603 156 2670; x_wconf 87' lang='lat' dir='ltr'>Omnia</span> <span class='ocrx_word' id='word_1_147' title='bbox 177 2605 357 2666; x_wconf 87' lang='lat' dir='ltr'>suffundens</span> <span class='ocrx_word' id='word_1_148' title='bbox 378 2599 492 2665; x_wconf 87' lang='lat' dir='ltr'>mortis</span> <span class='ocrx_word' id='word_1_149' title='bbox 513 2599 648 2685; x_wconf 82' lang='lat' dir='ltr'>nigrore</span> <span class='ocrx_word' id='word_1_150' title='bbox 670 2622 772 2686; x_wconf 90' lang='lat' dir='ltr'>neque</span> <span class='ocrx_word' id='word_1_151' title='bbox 795 2600 889 2663; x_wconf 71' lang='lat' dir='ltr'>ullam</span> 
     </span>
    </p>

    <p class='ocr_par' dir='ltr' id='par_1_12' title="bbox 25 2702 1149 2789">
     <span class='ocr_line' id='line_1_24' title="bbox 25 2702 1149 2789; baseline -0.008 -17"><span class='ocrx_word' id='word_1_152' title='bbox 25 2711 118 2772; x_wconf 89' lang='lat' dir='ltr'>Esse</span> <span class='ocrx_word' id='word_1_153' title='bbox 143 2705 339 2788; x_wconf 85' lang='lat' dir='ltr'>voluptatem</span> <span class='ocrx_word' id='word_1_154' title='bbox 360 2703 512 2788; x_wconf 88' lang='lat' dir='ltr'>liquidam</span> <span class='ocrx_word' id='word_1_155' title='bbox 533 2724 709 2788; x_wconf 90' lang='lat' dir='ltr'>puramque</span> <span class='ocrx_word' id='word_1_156' title='bbox 730 2702 893 2789; x_wconf 87' lang='lat' dir='ltr'>relinquit.</span> <span class='ocrx_word' id='word_1_157' title='bbox 1109 2708 1149 2771; x_wconf 74' lang='lat'>40</span> 
     </span>
    </p>
   </div>
   <div class='ocr_carea' id='block_1_3' title="bbox 14 2938 1155 4333">
    <p class='ocr_par' dir='ltr' id='par_1_13' title="bbox 14 2938 1155 4333">
     <span class='ocr_line' id='line_1_25' title="bbox 22 2938 1152 3001; baseline 0 -11"><span class='ocrx_word' id='word_1_158' title='bbox 22 2962 53 2992; x_wconf 83' lang='lat' dir='ltr'>v.</span> <span class='ocrx_word' id='word_1_159' title='bbox 78 2961 102 2990; x_wconf 90' lang='lat' dir='ltr'>c.</span> <span class='ocrx_word' id='word_1_160' title='bbox 119 2945 174 2989; x_wconf 87' lang='lat' dir='ltr'>Cic.</span> <span class='ocrx_word' id='word_1_161' title='bbox 189 2946 216 2989; x_wconf 90' lang='lat' dir='ltr'>de</span> <span class='ocrx_word' id='word_1_162' title='bbox 231 2944 285 2990; x_wconf 86' lang='lat' dir='ltr'>Nat.</span> <span class='ocrx_word' id='word_1_163' title='bbox 298 2946 373 2989; x_wconf 85' lang='lat' dir='ltr'>Deor.</span> <span class='ocrx_word' id='word_1_164' title='bbox 387 2942 417 3000; x_wconf 83' lang='lat'>2,</span> <span class='ocrx_word' id='word_1_165' title='bbox 431 2938 473 2988; x_wconf 80' lang='lat'>35.</span> <span class='ocrx_word' id='word_1_166' title='bbox 493 2941 615 2988; x_wconf 79' lang='lat' dir='ltr'>dubitasse</span> <span class='ocrx_word' id='word_1_167' title='bbox 634 2945 749 3001; x_wconf 83' lang='lat' dir='ltr'>quosdam</span> <span class='ocrx_word' id='word_1_168' title='bbox 767 2945 824 2988; x_wconf 86' lang='lat' dir='ltr'>dicit</span> <span class='ocrx_word' id='word_1_169' title='bbox 836 2945 864 2988; x_wconf 90' lang='lat' dir='ltr'>de</span> <span class='ocrx_word' id='word_1_170' title='bbox 876 2946 978 2998; x_wconf 86' lang='lat' dir='ltr'>mundo,</span> <span class='ocrx_word' id='word_1_171' title='bbox 999 2959 1085 2990; x_wconf 78' lang='lat' dir='ltr'>casune</span> <span class='ocrx_word' id='word_1_172' title='bbox 1098 2946 1152 3001; x_wconf 84' lang='lat' dir='ltr'>ipse</span> 
     </span>
     <span class='ocr_line' id='line_1_26' title="bbox 24 3012 1150 3074; baseline -0.003 -12"><span class='ocrx_word' id='word_1_173' title='bbox 24 3020 65 3062; x_wconf 88' lang='lat' dir='ltr'>sit</span> <span class='ocrx_word' id='word_1_174' title='bbox 85 3015 189 3060; x_wconf 84' lang='lat' dir='ltr'>effectus</span> <span class='ocrx_word' id='word_1_175' title='bbox 207 3020 247 3058; x_wconf 86' lang='lat' dir='ltr'>aut</span> <span class='ocrx_word' id='word_1_176' title='bbox 264 3016 404 3058; x_wconf 78' lang='lat' dir='ltr'>necessitate</span> <span class='ocrx_word' id='word_1_177' title='bbox 424 3015 518 3070; x_wconf 87' lang='lat' dir='ltr'>aliqua,</span> <span class='ocrx_word' id='word_1_178' title='bbox 534 3027 564 3074; x_wconf 81' lang='lat' dir='ltr'>an</span> <span class='ocrx_word' id='word_1_179' title='bbox 582 3014 680 3057; x_wconf 78' lang='lat' dir='ltr'>ratione</span> <span class='ocrx_word' id='word_1_180' title='bbox 699 3027 729 3056; x_wconf 83' lang='lat' dir='ltr'>cc</span> <span class='ocrx_word' id='word_1_181' title='bbox 747 3018 826 3057; x_wconf 82' lang='lat' dir='ltr'>mente</span> <span class='ocrx_word' id='word_1_182' title='bbox 844 3012 945 3067; x_wconf 84' lang='lat' dir='ltr'>divina,</span> <span class='ocrx_word' id='word_1_183' title='bbox 965 3020 1046 3072; x_wconf 85' lang='lat' dir='ltr'>etque</span> <span class='ocrx_word' id='word_1_184' title='bbox 1061 3015 1150 3060; x_wconf 85' lang='lat' dir='ltr'>Lucre-</span> 
     </span>
     <span class='ocr_line' id='line_1_27' title="bbox 25 3082 1151 3141; baseline -0.005 -8"><span class='ocrx_word' id='word_1_185' title='bbox 25 3089 83 3132; x_wconf 82' lang='lat' dir='ltr'>tius</span> <span class='ocrx_word' id='word_1_186' title='bbox 102 3087 156 3140; x_wconf 82' lang='lat' dir='ltr'>ipse</span> <span class='ocrx_word' id='word_1_187' title='bbox 177 3082 206 3138; x_wconf 84' lang='lat'>2,</span> <span class='ocrx_word' id='word_1_188' title='bbox 228 3082 286 3129; x_wconf 81' lang='lat'><strong>180.</strong></span> <span class='ocrx_word' id='word_1_189' title='bbox 313 3086 382 3129; x_wconf 86' lang='lat' dir='ltr'>docet</span> <span class='ocrx_word' id='word_1_190' title='bbox 404 3097 558 3141; x_wconf 78' lang='lat' dir='ltr'>nequaquam</span> <span class='ocrx_word' id='word_1_191' title='bbox 581 3082 653 3127; x_wconf 78' lang='lat' dir='ltr'>nobie</span> <span class='ocrx_word' id='word_1_192' title='bbox 676 3082 797 3127; x_wconf 75' lang='lat' dir='ltr'>divinitus</span> <span class='ocrx_word' id='word_1_193' title='bbox 822 3096 876 3126; x_wconf 78' lang='lat' dir='ltr'>ecee</span> <span class='ocrx_word' id='word_1_194' title='bbox 901 3089 1011 3126; x_wconf 79' lang='lat' dir='ltr'>creatam</span> <span class='ocrx_word' id='word_1_195' title='bbox 1034 3091 1151 3128; x_wconf 81' lang='lat' dir='ltr'>naturam</span> 
     </span>
     <span class='ocr_line' id='line_1_28' title="bbox 22 3152 1151 3210; baseline -0.003 -9"><span class='ocrx_word' id='word_1_196' title='bbox 22 3153 142 3207; x_wconf 85' lang='lat' dir='ltr'>mundi,</span> <span class='ocrx_word' id='word_1_197' title='bbox 162 3167 234 3210; x_wconf 87' lang='lat' dir='ltr'>quum</span> <span class='ocrx_word' id='word_1_198' title='bbox 248 3153 272 3197; x_wconf 90' lang='lat' dir='ltr'>h.</span> <span class='ocrx_word' id='word_1_199' title='bbox 290 3154 307 3197; x_wconf 94' lang='lat' dir='ltr'>l.</span> <span class='ocrx_word' id='word_1_200' title='bbox 324 3152 398 3208; x_wconf 80' lang='lat' dir='ltr'>accipi</span> <span class='ocrx_word' id='word_1_201' title='bbox 414 3154 550 3209; x_wconf 84' lang='lat' dir='ltr'>neutiquam</span> <span class='ocrx_word' id='word_1_202' title='bbox 565 3158 647 3207; x_wconf 84' lang='lat' dir='ltr'>posset</span> <span class='ocrx_word' id='word_1_203' title='bbox 654 3183 661 3206; x_wconf 95' lang='lat'>,</span> <span class='ocrx_word' id='word_1_204' title='bbox 680 3152 766 3197; x_wconf 88' lang='lat' dir='ltr'>Lamb.</span> <span class='ocrx_word' id='word_1_205' title='bbox 784 3154 813 3196; x_wconf 82' lang='lat' dir='ltr'>de</span> <span class='ocrx_word' id='word_1_206' title='bbox 829 3153 926 3196; x_wconf 84' lang='lat' dir='ltr'>lauoctii</span> <span class='ocrx_word' id='word_1_207' title='bbox 939 3154 1002 3197; x_wconf 87' lang='lat' dir='ltr'>coni.</span> <span class='ocrx_word' id='word_1_208' title='bbox 1020 3155 1097 3198; x_wconf 87' lang='lat' dir='ltr'>dedit:</span> <span class='ocrx_word' id='word_1_209' title='bbox 1118 3177 1151 3187; x_wconf 89' lang='lat'><em>-</em></span> 
     </span>
     <span class='ocr_line' id='line_1_29' title="bbox 20 3222 1151 3283; baseline -0.004 -14"><span class='ocrx_word' id='word_1_210' title='bbox 20 3223 106 3270; x_wconf 73' lang='lat' dir='ltr'>haud</span> <span class='ocrx_word' id='word_1_211' title='bbox 130 3222 231 3277; x_wconf 73' lang='lat' dir='ltr'>divina,</span> <span class='ocrx_word' id='word_1_212' title='bbox 259 3225 321 3280; x_wconf 88' lang='lat' dir='ltr'>quod</span> <span class='ocrx_word' id='word_1_213' title='bbox 344 3223 495 3268; x_wconf 86' lang='lat' dir='ltr'>retinuerunt</span> <span class='ocrx_word' id='word_1_214' title='bbox 513 3236 588 3280; x_wconf 90' lang='lat' dir='ltr'>usque</span> <span class='ocrx_word' id='word_1_215' title='bbox 610 3224 638 3265; x_wconf 85' lang='lat' dir='ltr'>ad</span> <span class='ocrx_word' id='word_1_216' title='bbox 656 3223 729 3265; x_wconf 77' lang='lat' dir='ltr'>Walt.</span> <span class='ocrx_word' id='word_1_217' title='bbox 769 3222 821 3283; x_wconf 80' lang='lat' dir='ltr'>Hoc</span> <span class='ocrx_word' id='word_1_218' title='bbox 844 3222 939 3278; x_wconf 80' lang='lat' dir='ltr'>quidem</span> <span class='ocrx_word' id='word_1_219' title='bbox 962 3225 1015 3266; x_wconf 87' lang='lat' dir='ltr'>loco</span> <span class='ocrx_word' id='word_1_220' title='bbox 1041 3224 1087 3280; x_wconf 78' lang='lat' dir='ltr'>tegi</span> <span class='ocrx_word' id='word_1_221' title='bbox 1111 3224 1151 3266; x_wconf 78' lang='lat' dir='ltr'>vix</span> 
     </span>
     <span class='ocr_line' id='line_1_30' title="bbox 21 3288 1151 3352; baseline -0.005 -13"><span class='ocrx_word' id='word_1_222' title='bbox 21 3299 132 3352; x_wconf 84' lang='lat' dir='ltr'>potest:</span> <span class='ocrx_word' id='word_1_223' title='bbox 155 3293 221 3336; x_wconf 82' lang='lat' dir='ltr'>ratio</span> <span class='ocrx_word' id='word_1_224' title='bbox 239 3318 249 3328; x_wconf 90' lang='lat'>-</span> <span class='ocrx_word' id='word_1_225' title='bbox 267 3318 277 3327; x_wconf 91' lang='lat'><em>·</em></span> <span class='ocrx_word' id='word_1_226' title='bbox 296 3299 394 3347; x_wconf 81' lang='lat' dir='ltr'>coorto,</span> <span class='ocrx_word' id='word_1_227' title='bbox 415 3298 440 3336; x_wconf 93' lang='lat' dir='ltr'>ut</span> <span class='ocrx_word' id='word_1_228' title='bbox 459 3290 489 3346; x_wconf 80' lang='lat'>4,</span> <span class='ocrx_word' id='word_1_229' title='bbox 510 3288 575 3336; x_wconf 72' lang='lat'><strong>4814.</strong></span> <span class='ocrx_word' id='word_1_230' title='bbox 590 3292 655 3335; x_wconf 77' lang='lat' dir='ltr'>ratio</span> <span class='ocrx_word' id='word_1_231' title='bbox 671 3290 914 3345; x_wconf 60' lang='lat' dir='ltr'>absentibusque,</span> <span class='ocrx_word' id='word_1_232' title='bbox 937 3288 966 3346; x_wconf 84' lang='lat'>5,</span> <span class='ocrx_word' id='word_1_233' title='bbox 982 3289 1040 3337; x_wconf 81' lang='lat'><strong>336.</strong></span> <span class='ocrx_word' id='word_1_234' title='bbox 1060 3297 1151 3335; x_wconf 81' lang='lat' dir='ltr'>nutura</span> 
     </span>
     <span class='ocr_line' id='line_1_31' title="bbox 19 3357 1149 3421; baseline -0.005 -11"><span class='ocrx_word' id='word_1_235' title='bbox 19 3365 100 3411; x_wconf 77' lang='lat' dir='ltr'>haec</span> <span class='ocrx_word' id='word_1_236' title='bbox 119 3375 206 3406; x_wconf 83' lang='lat' dir='ltr'>rerum</span> <span class='ocrx_word' id='word_1_237' title='bbox 224 3363 336 3421; x_wconf 76' lang='lat' dir='ltr'>ratioque</span> <span class='ocrx_word' id='word_1_238' title='bbox 350 3369 450 3420; x_wconf 83' lang='lat' dir='ltr'>reperta</span> <span class='ocrx_word' id='word_1_239' title='bbox 462 3368 500 3407; x_wconf 79' lang='lat' dir='ltr'>est</span> <span class='ocrx_word' id='word_1_240' title='bbox 511 3375 600 3417; x_wconf 80' lang='lat' dir='ltr'>nuper.</span> <span class='ocrx_word' id='word_1_241' title='bbox 638 3357 680 3404; x_wconf 85' lang='grc'><strong>21.</strong></span> <span class='ocrx_word' id='word_1_242' title='bbox 700 3360 739 3404; x_wconf 82' lang='lat' dir='ltr'>stc</span> <span class='ocrx_word' id='word_1_243' title='bbox 755 3360 782 3404; x_wconf 89' lang='lat' dir='ltr'>C.</span> <span class='ocrx_word' id='word_1_244' title='bbox 798 3360 911 3406; x_wconf 84' lang='lat' dir='ltr'>Cantabr.</span> <span class='ocrx_word' id='word_1_245' title='bbox 923 3362 999 3406; x_wconf 84' lang='lat' dir='ltr'>lunia.</span> <span class='ocrx_word' id='word_1_246' title='bbox 1013 3363 1066 3405; x_wconf 78' lang='grc' dir='ltr'>ΑΜ.</span> <span class='ocrx_word' id='word_1_247' title='bbox 1079 3359 1104 3406; x_wconf 87' lang='grc'><strong>2.</strong></span> <span class='ocrx_word' id='word_1_248' title='bbox 1120 3382 1149 3393; x_wconf 92' lang='grc'>-</span> 
     </span>
     <span class='ocr_line' id='line_1_32' title="bbox 20 3429 1151 3491; baseline -0.003 -13"><span class='ocrx_word' id='word_1_249' title='bbox 20 3438 98 3480; x_wconf 80' lang='lat' dir='ltr'>ssav.</span> <span class='ocrx_word' id='word_1_250' title='bbox 119 3445 218 3487; x_wconf 76' lang='lat' dir='ltr'>semper</span> <span class='ocrx_word' id='word_1_251' title='bbox 236 3432 364 3475; x_wconf 79' lang='lat' dir='ltr'>innubilus</span> <span class='ocrx_word' id='word_1_252' title='bbox 384 3429 468 3475; x_wconf 79' lang='lat' dir='ltr'>oetier</span> <span class='ocrx_word' id='word_1_253' title='bbox 487 3445 541 3475; x_wconf 87' lang='lat' dir='ltr'>cum</span> <span class='ocrx_word' id='word_1_254' title='bbox 555 3431 609 3474; x_wconf 87' lang='lat' dir='ltr'>aliis</span> <span class='ocrx_word' id='word_1_255' title='bbox 628 3429 686 3473; x_wconf 88' lang='lat' dir='ltr'>Cdd.</span> <span class='ocrx_word' id='word_1_256' title='bbox 701 3430 776 3475; x_wconf 87' lang='lat' dir='ltr'>Forb.</span> <span class='ocrx_word' id='word_1_257' title='bbox 808 3432 898 3474; x_wconf 84' lang='lat' dir='ltr'>Verum</span> <span class='ocrx_word' id='word_1_258' title='bbox 915 3432 975 3476; x_wconf 91' lang='lat' dir='ltr'>adeo</span> <span class='ocrx_word' id='word_1_259' title='bbox 990 3444 1060 3487; x_wconf 84' lang='lat' dir='ltr'>saepe</span> <span class='ocrx_word' id='word_1_260' title='bbox 1078 3445 1151 3491; x_wconf 80' lang='lat' dir='ltr'>quce</span> 
     </span>
     <span class='ocr_line' id='line_1_33' title="bbox 19 3500 1153 3558; baseline -0.004 -11"><span class='ocrx_word' id='word_1_261' title='bbox 19 3505 99 3551; x_wconf 88' lang='lat' dir='ltr'>Cdd.</span> <span class='ocrx_word' id='word_1_262' title='bbox 118 3501 220 3556; x_wconf 81' lang='lat' dir='ltr'>excidit,</span> <span class='ocrx_word' id='word_1_263' title='bbox 250 3507 274 3545; x_wconf 89' lang='lat' dir='ltr'>ut</span> <span class='ocrx_word' id='word_1_264' title='bbox 291 3502 365 3545; x_wconf 88' lang='lat' dir='ltr'>nolim</span> <span class='ocrx_word' id='word_1_265' title='bbox 385 3506 513 3557; x_wconf 85' lang='lat' dir='ltr'>propterea</span> <span class='ocrx_word' id='word_1_266' title='bbox 531 3501 650 3544; x_wconf 84' lang='lat' dir='ltr'>licentiam</span> <span class='ocrx_word' id='word_1_267' title='bbox 664 3501 788 3544; x_wconf 84' lang='lat' dir='ltr'>metricam</span> <span class='ocrx_word' id='word_1_268' title='bbox 802 3500 964 3545; x_wconf 83' lang='lat' dir='ltr'>introducere.</span> <span class='ocrx_word' id='word_1_269' title='bbox 995 3524 1027 3533; x_wconf 94' lang='lat'><em>—</em></span> <span class='ocrx_word' id='word_1_270' title='bbox 1055 3514 1153 3558; x_wconf 77' lang='lat' dir='ltr'>eetnper</span> 
     </span>
     <span class='ocr_line' id='line_1_34' title="bbox 18 3568 1153 3627; baseline -0.003 -10"><span class='ocrx_word' id='word_1_271' title='bbox 18 3578 57 3621; x_wconf 81' lang='lat' dir='ltr'>in</span> <span class='ocrx_word' id='word_1_272' title='bbox 80 3571 192 3617; x_wconf 81' lang='lat' dir='ltr'>nubibus</span> <span class='ocrx_word' id='word_1_273' title='bbox 211 3585 249 3615; x_wconf 83' lang='lat' dir='ltr'>ue.</span> <span class='ocrx_word' id='word_1_274' title='bbox 267 3571 298 3616; x_wconf 85' lang='lat' dir='ltr'>E.</span> <span class='ocrx_word' id='word_1_275' title='bbox 315 3572 363 3616; x_wconf 76' lang='lat' dir='ltr'>Alii</span> <span class='ocrx_word' id='word_1_276' title='bbox 379 3571 439 3618; x_wconf 86' lang='lat' dir='ltr'>Cdd.</span> <span class='ocrx_word' id='word_1_277' title='bbox 468 3572 518 3614; x_wconf 87' lang='lat' dir='ltr'>Hoc</span> <span class='ocrx_word' id='word_1_278' title='bbox 533 3575 667 3615; x_wconf 83' lang='lat' dir='ltr'>correctum</span> <span class='ocrx_word' id='word_1_279' title='bbox 682 3568 711 3612; x_wconf 84' lang='lat' dir='ltr'>ub</span> <span class='ocrx_word' id='word_1_280' title='bbox 729 3571 772 3613; x_wconf 77' lang='lat' dir='ltr'>Ar.</span> <span class='ocrx_word' id='word_1_281' title='bbox 794 3575 817 3613; x_wconf 92' lang='lat' dir='ltr'>et</span> <span class='ocrx_word' id='word_1_282' title='bbox 833 3570 893 3615; x_wconf 88' lang='lat' dir='ltr'>Pio:</span> <span class='ocrx_word' id='word_1_283' title='bbox 919 3582 1017 3627; x_wconf 78' lang='lat' dir='ltr'>semper</span> <span class='ocrx_word' id='word_1_284' title='bbox 1034 3570 1089 3614; x_wconf 83' lang='lat' dir='ltr'>sinc</span> <span class='ocrx_word' id='word_1_285' title='bbox 1107 3584 1153 3614; x_wconf 83' lang='lat' dir='ltr'>nu·</span> 
     </span>
     <span class='ocr_line' id='line_1_35' title="bbox 18 3632 1154 3708; baseline -0.001 -19"><span class='ocrx_word' id='word_1_286' title='bbox 18 3644 112 3689; x_wconf 73' lang='lat' dir='ltr'>bibite</span> <span class='ocrx_word' id='word_1_287' title='bbox 132 3655 188 3695; x_wconf 60' lang='lat' dir='ltr'>aa,</span> <span class='ocrx_word' id='word_1_288' title='bbox 218 3642 298 3698; x_wconf 88' lang='lat' dir='ltr'>sicque</span> <span class='ocrx_word' id='word_1_289' title='bbox 324 3642 398 3689; x_wconf 80' lang='lat' dir='ltr'>Wat.</span> <span class='ocrx_word' id='word_1_290' title='bbox 423 3640 477 3685; x_wconf 75' lang='lat' dir='ltr'><strong>cfr.</strong></span> <span class='ocrx_word' id='word_1_291' title='bbox 504 3640 591 3694; x_wconf 78' lang='lat' dir='ltr'>Odyss.</span> <span class='ocrx_word' id='word_1_292' title='bbox 607 3638 637 3694; x_wconf 88' lang='grc'>6,</span> <span class='ocrx_word' id='word_1_293' title='bbox 656 3635 698 3683; x_wconf 73' lang='lat' dir='ltr'>ll.</span> <span class='ocrx_word' id='word_1_294' title='bbox 726 3632 800 3687; x_wconf 79' lang='grc' dir='ltr'>ἀλλὰ</span> <span class='ocrx_word' id='word_1_295' title='bbox 818 3632 884 3701; x_wconf 77' lang='lat' dir='ltr'>poit&#39;</span> <span class='ocrx_word' id='word_1_296' title='bbox 901 3633 991 3708; x_wconf 50' lang='grc' dir='ltr'><em>αἴθρη</em></span> <span class='ocrx_word' id='word_1_297' title='bbox 1011 3638 1154 3688; x_wconf 76' lang='grc' dir='ltr'><strong><em>πέπταται</em></strong></span> 
     </span>
     <span class='ocr_line' id='line_1_36' title="bbox 15 3704 1155 3779; baseline -0.009 -16"><span class='ocrx_word' id='word_1_298' title='bbox 15 3707 202 3772; x_wconf 77' lang='grc' dir='ltr'>ἀνέφελος,</span> <span class='ocrx_word' id='word_1_299' title='bbox 225 3705 314 3774; x_wconf 81' lang='grc' dir='ltr'><strong><em>λευκὴ</em></strong></span> <span class='ocrx_word' id='word_1_300' title='bbox 332 3707 356 3758; x_wconf 82' lang='grc' dir='ltr'>δ’</span> <span class='ocrx_word' id='word_1_301' title='bbox 374 3707 561 3779; x_wconf 74' lang='grc' dir='ltr'><strong><em>ἐπιδέδρομεν</em></strong></span> <span class='ocrx_word' id='word_1_302' title='bbox 579 3704 676 3773; x_wconf 75' lang='grc' dir='ltr'>αἴγλη.</span> <span class='ocrx_word' id='word_1_303' title='bbox 731 3706 773 3751; x_wconf 82' lang='grc'>22.</span> <span class='ocrx_word' id='word_1_304' title='bbox 793 3707 859 3751; x_wconf 80' lang='lat' dir='ltr'>ridet</span> <span class='ocrx_word' id='word_1_305' title='bbox 876 3707 904 3752; x_wconf 86' lang='lat' dir='ltr'>C.</span> <span class='ocrx_word' id='word_1_306' title='bbox 924 3708 954 3753; x_wconf 86' lang='grc' dir='ltr'>Ε.</span> <span class='ocrx_word' id='word_1_307' title='bbox 976 3709 1005 3753; x_wconf 76' lang='grc' dir='ltr'>Α.</span> <span class='ocrx_word' id='word_1_308' title='bbox 1025 3710 1055 3753; x_wconf 88' lang='lat' dir='ltr'>H.</span> <span class='ocrx_word' id='word_1_309' title='bbox 1075 3710 1155 3769; x_wconf 75' lang='lat' dir='ltr'>(riget</span> 
     </span>
     <span class='ocr_line' id='line_1_37' title="bbox 15 3777 1154 3836; baseline -0.004 -8"><span class='ocrx_word' id='word_1_310' title='bbox 15 3781 121 3836; x_wconf 80' lang='lat' dir='ltr'>Brix.)</span> <span class='ocrx_word' id='word_1_311' title='bbox 141 3804 174 3813; x_wconf 92' lang='lat'>—</span> <span class='ocrx_word' id='word_1_312' title='bbox 192 3779 254 3824; x_wconf 75' lang='lat' dir='ltr'>ridie</span> <span class='ocrx_word' id='word_1_313' title='bbox 266 3783 325 3824; x_wconf 86' lang='lat' dir='ltr'>Ver.</span> <span class='ocrx_word' id='word_1_314' title='bbox 339 3782 455 3825; x_wconf 85' lang='lat' dir='ltr'>Ven.W.</span> <span class='ocrx_word' id='word_1_315' title='bbox 510 3777 552 3824; x_wconf 63' lang='grc'><strong>24.</strong></span> <span class='ocrx_word' id='word_1_316' title='bbox 571 3778 679 3824; x_wconf 78' lang='lat' dir='ltr'>delibrat</span> <span class='ocrx_word' id='word_1_317' title='bbox 692 3777 722 3821; x_wconf 84' lang='lat'>1..</span> <span class='ocrx_word' id='word_1_318' title='bbox 742 3791 772 3821; x_wconf 77' lang='lat' dir='ltr'>ex</span> <span class='ocrx_word' id='word_1_319' title='bbox 793 3778 865 3821; x_wconf 90' lang='lat' dir='ltr'>solito</span> <span class='ocrx_word' id='word_1_320' title='bbox 885 3791 929 3822; x_wconf 90' lang='lat' dir='ltr'>suo</span> <span class='ocrx_word' id='word_1_321' title='bbox 954 3792 1037 3823; x_wconf 87' lang='lat' dir='ltr'>errore</span> <span class='ocrx_word' id='word_1_322' title='bbox 1062 3779 1087 3822; x_wconf 93' lang='lat' dir='ltr'>in</span> <span class='ocrx_word' id='word_1_323' title='bbox 1108 3780 1154 3824; x_wconf 88' lang='lat' dir='ltr'>boe</span> 
     </span>
     <span class='ocr_line' id='line_1_38' title="bbox 16 3847 1153 3913; baseline -0.003 -18"><span class='ocrx_word' id='word_1_324' title='bbox 16 3853 126 3899; x_wconf 82' lang='lat' dir='ltr'>verbo.</span> <span class='ocrx_word' id='word_1_325' title='bbox 182 3847 433 3913; x_wconf 47' lang='lat' dir='ltr'>269deepict&#39;untur,</span> <span class='ocrx_word' id='word_1_326' title='bbox 462 3850 523 3906; x_wconf 89' lang='lat' dir='ltr'>quod</span> <span class='ocrx_word' id='word_1_327' title='bbox 542 3850 586 3894; x_wconf 87' lang='lat' dir='ltr'>hoc</span> <span class='ocrx_word' id='word_1_328' title='bbox 604 3852 657 3893; x_wconf 87' lang='lat' dir='ltr'>loco</span> <span class='ocrx_word' id='word_1_329' title='bbox 675 3851 741 3891; x_wconf 85' lang='lat' dir='ltr'>recte</span> <span class='ocrx_word' id='word_1_330' title='bbox 759 3861 784 3891; x_wconf 88' lang='lat' dir='ltr'>se</span> <span class='ocrx_word' id='word_1_331' title='bbox 803 3847 888 3902; x_wconf 85' lang='lat' dir='ltr'>habet,</span> <span class='ocrx_word' id='word_1_332' title='bbox 909 3850 1021 3905; x_wconf 85' lang='lat' dir='ltr'>quoniam</span> <span class='ocrx_word' id='word_1_333' title='bbox 1039 3862 1068 3893; x_wconf 80' lang='lat' dir='ltr'>ex</span> <span class='ocrx_word' id='word_1_334' title='bbox 1087 3851 1153 3903; x_wconf 83' lang='lat' dir='ltr'>alto,</span> 
     </span>
     <span class='ocr_line' id='line_1_39' title="bbox 17 3917 1153 3984; baseline 0 -17"><span class='ocrx_word' id='word_1_335' title='bbox 17 3936 100 3984; x_wconf 82' lang='lat' dir='ltr'>quae</span> <span class='ocrx_word' id='word_1_336' title='bbox 118 3919 226 3964; x_wconf 86' lang='lat' dir='ltr'>subiecta</span> <span class='ocrx_word' id='word_1_337' title='bbox 243 3920 313 3964; x_wconf 90' lang='lat' dir='ltr'>nobis</span> <span class='ocrx_word' id='word_1_338' title='bbox 332 3925 400 3974; x_wconf 88' lang='lat' dir='ltr'>sunt,</span> <span class='ocrx_word' id='word_1_339' title='bbox 426 3919 595 3977; x_wconf 74' lang='lat' dir='ltr'>despicimus,</span> <span class='ocrx_word' id='word_1_340' title='bbox 620 3917 735 3974; x_wconf 86' lang='lat' dir='ltr'>praebent</span> <span class='ocrx_word' id='word_1_341' title='bbox 758 3917 830 3963; x_wconf 86' lang='lat' dir='ltr'>etiam</span> <span class='ocrx_word' id='word_1_342' title='bbox 849 3919 895 3961; x_wconf 87' lang='lat' dir='ltr'>mei</span> <span class='ocrx_word' id='word_1_343' title='bbox 914 3917 943 3962; x_wconf 91' lang='lat' dir='ltr'>C.</span> <span class='ocrx_word' id='word_1_344' title='bbox 963 3919 992 3963; x_wconf 87' lang='lat' dir='ltr'>E.</span> <span class='ocrx_word' id='word_1_345' title='bbox 1013 3918 1074 3963; x_wconf 90' lang='lat' dir='ltr'>Edd.</span> <span class='ocrx_word' id='word_1_346' title='bbox 1095 3924 1153 3966; x_wconf 78' lang='lat' dir='ltr'>vett.</span> 
     </span>
     <span class='ocr_line' id='line_1_40' title="bbox 15 3986 1153 4047; baseline -0.002 -15"><span class='ocrx_word' id='word_1_347' title='bbox 15 3993 94 4041; x_wconf 73' lang='lat' dir='ltr'>Ald.</span> <span class='ocrx_word' id='word_1_348' title='bbox 115 4013 150 4024; x_wconf 91' lang='lat'>-</span> <span class='ocrx_word' id='word_1_349' title='bbox 171 3987 470 4047; x_wconf 82' lang='lat' dir='ltr'>dispiciunturII.L.ll.</span> <span class='ocrx_word' id='word_1_350' title='bbox 509 3986 551 4033; x_wconf 76' lang='lat'>28.</span> <span class='ocrx_word' id='word_1_351' title='bbox 571 3988 606 4031; x_wconf 83' lang='lat' dir='ltr'>ibi</span> <span class='ocrx_word' id='word_1_352' title='bbox 615 3988 692 4032; x_wconf 89' lang='lat' dir='ltr'>Gron.</span> <span class='ocrx_word' id='word_1_353' title='bbox 705 3987 850 4032; x_wconf 65' lang='lat' dir='ltr'>Wanconi.</span> <span class='ocrx_word' id='word_1_354' title='bbox 870 4011 902 4021; x_wconf 91' lang='lat'><em>-</em></span> <span class='ocrx_word' id='word_1_355' title='bbox 921 3987 1050 4032; x_wconf 82' lang='lat' dir='ltr'>ubiCodd.</span> <span class='ocrx_word' id='word_1_356' title='bbox 1063 3987 1153 4045; x_wconf 59' lang='lat' dir='ltr'>(effi.)</span> 
     </span>
     <span class='ocr_line' id='line_1_41' title="bbox 14 4054 1154 4116; baseline -0.002 -11"><span class='ocrx_word' id='word_1_357' title='bbox 14 4063 101 4111; x_wconf 82' lang='lat' dir='ltr'>Edd.</span> <span class='ocrx_word' id='word_1_358' title='bbox 113 4063 174 4104; x_wconf 82' lang='lat' dir='ltr'>vett.</span> <span class='ocrx_word' id='word_1_359' title='bbox 188 4081 217 4092; x_wconf 93' lang='lat'>-</span> <span class='ocrx_word' id='word_1_360' title='bbox 230 4059 275 4103; x_wconf 82' lang='lat' dir='ltr'>tibi</span> <span class='ocrx_word' id='word_1_361' title='bbox 286 4061 315 4105; x_wconf 89' lang='lat' dir='ltr'>L.</span> <span class='ocrx_word' id='word_1_362' title='bbox 326 4062 357 4105; x_wconf 86' lang='lat' dir='ltr'>ll.</span> <span class='ocrx_word' id='word_1_363' title='bbox 395 4057 436 4105; x_wconf 83' lang='lat'>30.</span> <span class='ocrx_word' id='word_1_364' title='bbox 455 4064 523 4116; x_wconf 83' lang='lat' dir='ltr'>patet</span> <span class='ocrx_word' id='word_1_365' title='bbox 535 4084 545 4093; x_wconf 93' lang='lat'><strong>·</strong></span> <span class='ocrx_word' id='word_1_366' title='bbox 558 4084 567 4094; x_wconf 93' lang='lat'><em>·</em></span> <span class='ocrx_word' id='word_1_367' title='bbox 580 4063 672 4102; x_wconf 82' lang='lat' dir='ltr'>retecta</span> <span class='ocrx_word' id='word_1_368' title='bbox 685 4057 714 4101; x_wconf 89' lang='lat' dir='ltr'>L.</span> <span class='ocrx_word' id='word_1_369' title='bbox 726 4058 757 4102; x_wconf 87' lang='lat' dir='ltr'>H.</span> <span class='ocrx_word' id='word_1_370' title='bbox 795 4054 835 4102; x_wconf 83' lang='lat'>33.</span> <span class='ocrx_word' id='word_1_371' title='bbox 850 4057 965 4115; x_wconf 85' lang='lat' dir='ltr'>Plerique</span> <span class='ocrx_word' id='word_1_372' title='bbox 978 4058 1033 4102; x_wconf 83' lang='lat' dir='ltr'>libri</span> <span class='ocrx_word' id='word_1_373' title='bbox 1047 4058 1154 4103; x_wconf 82' lang='lat' dir='ltr'>alterno.</span> 
     </span>
     <span class='ocr_line' id='line_1_42' title="bbox 16 4118 1155 4193; baseline -0.004 -17"><span class='ocrx_word' id='word_1_374' title='bbox 16 4132 81 4181; x_wconf 85' lang='lat'>39.</span> <span class='ocrx_word' id='word_1_375' title='bbox 104 4130 137 4175; x_wconf 81' lang='lat' dir='ltr'>E.</span> <span class='ocrx_word' id='word_1_376' title='bbox 155 4134 179 4175; x_wconf 90' lang='lat' dir='ltr'>et</span> <span class='ocrx_word' id='word_1_377' title='bbox 194 4131 254 4176; x_wconf 87' lang='lat' dir='ltr'>Edd.</span> <span class='ocrx_word' id='word_1_378' title='bbox 272 4136 329 4176; x_wconf 85' lang='lat' dir='ltr'>vett.</span> <span class='ocrx_word' id='word_1_379' title='bbox 349 4128 512 4193; x_wconf 75' lang='lat' dir='ltr'>suffundens,</span> <span class='ocrx_word' id='word_1_380' title='bbox 533 4131 593 4173; x_wconf 87' lang='lat' dir='ltr'>unde</span> <span class='ocrx_word' id='word_1_381' title='bbox 614 4142 643 4172; x_wconf 83' lang='lat' dir='ltr'>ex</span> <span class='ocrx_word' id='word_1_382' title='bbox 658 4118 731 4176; x_wconf 50' lang='lat' dir='ltr'>Wak&#39;.</span> <span class='ocrx_word' id='word_1_383' title='bbox 747 4128 809 4172; x_wconf 92' lang='lat' dir='ltr'>coni.</span> <span class='ocrx_word' id='word_1_384' title='bbox 824 4127 914 4172; x_wconf 83' lang='lat' dir='ltr'>Eichst.</span> <span class='ocrx_word' id='word_1_385' title='bbox 934 4124 1093 4188; x_wconf 80' lang='lat' dir='ltr'>euffltccune,</span> <span class='ocrx_word' id='word_1_386' title='bbox 1113 4128 1155 4171; x_wconf 88' lang='lat' dir='ltr'>sed</span> 
     </span>
     <span class='ocr_line' id='line_1_43' title="bbox 14 4193 1155 4263; baseline -0.008 -15"><span class='ocrx_word' id='word_1_387' title='bbox 14 4202 181 4263; x_wconf 78' lang='lat' dir='ltr'>praestabat</span> <span class='ocrx_word' id='word_1_388' title='bbox 195 4201 256 4245; x_wconf 91' lang='lat' dir='ltr'>Cod.</span> <span class='ocrx_word' id='word_1_389' title='bbox 274 4201 303 4246; x_wconf 85' lang='lat' dir='ltr'>C.</span> <span class='ocrx_word' id='word_1_390' title='bbox 320 4206 344 4246; x_wconf 89' lang='lat' dir='ltr'>et</span> <span class='ocrx_word' id='word_1_391' title='bbox 354 4201 484 4245; x_wconf 76' lang='lat' dir='ltr'>Avanciuiu</span> <span class='ocrx_word' id='word_1_392' title='bbox 500 4215 553 4246; x_wconf 85' lang='lat' dir='ltr'>cuin</span> <span class='ocrx_word' id='word_1_393' title='bbox 567 4198 666 4256; x_wconf 86' lang='lat' dir='ltr'>reliquis</span> <span class='ocrx_word' id='word_1_394' title='bbox 681 4198 742 4242; x_wconf 88' lang='lat' dir='ltr'>Edd.</span> <span class='ocrx_word' id='word_1_395' title='bbox 754 4198 835 4256; x_wconf 84' lang='lat' dir='ltr'>sequi,</span> <span class='ocrx_word' id='word_1_396' title='bbox 855 4193 1001 4259; x_wconf 79' lang='lat' dir='ltr'>euffundene</span> <span class='ocrx_word' id='word_1_397' title='bbox 1011 4196 1155 4259; x_wconf 77' lang='lat' dir='ltr'>scribentem</span> 
     </span>
     <span class='ocr_line' id='line_1_44' title="bbox 15 4267 721 4333; baseline -0.011 -14"><span class='ocrx_word' id='word_1_398' title='bbox 15 4280 58 4322; x_wconf 83' lang='lat' dir='ltr'>ut</span> <span class='ocrx_word' id='word_1_399' title='bbox 82 4268 113 4325; x_wconf 85' lang='lat'>6,</span> <span class='ocrx_word' id='word_1_400' title='bbox 132 4268 194 4316; x_wconf 77' lang='grc'><strong>479.</strong></span> <span class='ocrx_word' id='word_1_401' title='bbox 213 4268 404 4333; x_wconf 79' lang='lat' dir='ltr'>suffunduntque</span> <span class='ocrx_word' id='word_1_402' title='bbox 422 4285 469 4317; x_wconf 75' lang='lat' dir='ltr'>cua</span> <span class='ocrx_word' id='word_1_403' title='bbox 487 4272 583 4325; x_wconf 79' lang='lat' dir='ltr'>caelum</span> <span class='ocrx_word' id='word_1_404' title='bbox 600 4267 721 4328; x_wconf 78' lang='lat' dir='ltr'>caligine.</span> 
     </span>
    </p>
   </div>
   <div class='ocr_carea' id='block_1_4' title="bbox 0 0 1386 4760">
    <p class='ocr_par' dir='ltr' id='par_1_14' title="bbox 0 0 1386 4760">
     <span class='ocr_line' id='line_1_45' title="bbox 0 0 1386 4760; baseline 0 0"><span class='ocrx_word' id='word_1_405' title='bbox 0 0 1386 4760; x_wconf 95' lang='lat' dir='ltr'> </span> 
     </span>
    </p>
   </div>
  </div>
 </body>
</html>
