2736 4748
33 423 189 490 Lesbidis
210 423 351 488 Erinnae
365 445 438 490 non
462 319 702 509 magnalllote,
735 423 792 487 scd
814 418 942 487 omnis-
1013 480 1017 483 .
1051 460 1055 469 ‚
1087 464 1090 470 ι

100 527 266 591 Pieridum
289 528 414 590 redolet
437 527 541 590 dulcia
562 525 654 589 mella
676 525 791 588 savrra:

35 631 135 693 Haud
156 630 229 710 plus
250 638 300 690 ter
322 641 446 691 centum
469 648 550 713 quae
571 626 721 690 versibus
743 634 859 710 aequat
880 624 1071 701 Homerum,

100 733 219 794 Annos
241 741 312 792 nata
334 732 442 792 decem
466 730 559 814 virgo
581 747 743 810 superque
765 746 904 802 novem

37 834 110 899 Nec
133 843 236 894 tanuen
259 830 377 909 interca
400 851 481 915 quae
504 840 643 912 poscunt
664 828 730 892 otia
751 828 868 892 Musae

103 933 173 995 Aut
196 931 287 995 colus
306 942 361 993 aut
383 931 487 1007 telae,
511 942 610 993 matre
633 940 814 1013 premente,
837 929 969 992 dabant.

37 1032 74 1097 Si
95 1031 205 1114 carpis,
230 1031 380 1095 Erinnam
405 1032 539 1114 Sappho
562 1031 717 1095 testudine
740 1029 868 1106 vincat,

101 1136 191 1199 Dum
212 1145 318 1198 tamen
339 1131 479 1198 Erinnae
500 1136 592 1198 cedat
613 1132 645 1197 iu
666 1130 875 1197 hexametris.

575 1270 633 1336 33.

37 1394 129 1460 Urbs
151 1391 301 1474 proavita
323 1390 398 1455 mihi
420 1392 556 1473 Sardes,
576 1391 603 1457 si
624 1401 734 1455 vester
756 1388 897 1453 alumnus

102 1492 317 1570 Mansissem,
339 1495 440 1576 spado
462 1515 562 1571 nuuc,
586 1495 626 1558 ad
646 1493 822 1574 cyathcsve
843 1492 949 1556 sorem

38 1598 202 1672 Auratus,
227 1594 372 1679 quatiens
393 1617 472 1659 cava
493 1608 664 1679 tympana:
690 1615 806 1658 numen
828 1603 860 1656 at
881 1592 1021 1656 Alcman

102 1699 199 1761 Nunc
222 1696 315 1774 mihi,
339 1718 451 1782 meque
472 1719 562 1761 suum
586 1698 702 1779 Sparta
725 1698 816 1759 beata
837 1705 954 1772 vocat,

37 1802 183 1881 Sumque
205 1798 449 1863 Heliconiadum
471 1800 557 1862 deuo
579 1808 760 1880 praestante
783 1808 921 1877 tyranno

101 1900 238 1981 Maior,
262 1899 329 1966 sive
350 1899 403 1964 itte
424 1911 474 1964 est
494 1900 633 1980 Dascyla
656 1897 725 1963 sive
747 1899 873 1982 Gyges.

574 2038 631 2103 dl.

38 2161 91 2225 Ne
114 2179 195 2224 saxo
218 2157 329 2224 metire
351 2157 474 2235 rirum3
497 2158 526 2224 si
546 2158 610 2225 vile
631 2158 835 2243 sepulchrum
886 2201 889 2206 -

103 2259 260 2342 Aspicis,
284 2271 317 2322 at
339 2260 445 2345 magni
468 2260 549 2324 vatia
570 2262 602 2325 id
623 2281 697 2325 ossa
719 2259 810 2344 tegit.

39 2363 178 2425 Alcman
201 2382 315 2425 nomen
338 2362 451 2438 habet,
475 2362 624 2425 citharam
647 2364 773 2443 pulsare
796 2361 995 2438 Lacunam,

104 2461 255 2544 Optimus
277 2474 310 2527 et
330 2463 437 2528 Musis
462 2464 585 2528 additus
607 2461 676 2545 ipse
699 2483 828 2527 novem.

38 2563 214 2629 Certamen
235 2563 330 2631 terris
352 2563 505 2650 geminis,
530 2585 569 2626 au
591 2562 719 2648 origine
741 2565 854 2642 Lydus

102 2665 160 2730 Au
182 2667 292 2742 Lac03
314 2685 380 2731 nou
401 2665 536 2751 simplex
557 2664 681 2730 vatibus
703 2673 754 2729 eat
776 2663 895 2749 patria.

577 2803 632 2868 35.

38 2925 163 3004 lbycc,
187 2924 226 2984 ad
247 2920 397 2986 incultum
421 2943 503 3006 qum
524 2924 660 2986 duruerat
680 2920 780 2985 insula
802 2917 907 2998 littus,

105 3027 290 3088 Praedones
312 3024 423 3088 mortis
446 3044 541 3087 causa
562 3024 652 3088 luere
674 3021 749 3103 tibi,

40 3126 211 3191 Claruares
234 3146 331 3208 quom
352 3146 447 3207 saepe
469 3146 565 3209 grues
588 3124 645 3187 tibi
665 3124 754 3187 sorte
780 3121 948 3198 rolantca;

107 3229 252 3309 Namque
274 3225 354 3290 alios
376 3237 474 3289 tcstcs
498 3247 584 3287 mors
606 3236 658 3288 tua
680 3246 744 3288 nou
766 3224 890 3287 lmlmit.

38 3332 113 3393 Nec
134 3338 189 3390 tua
214 3348 281 3390 vox
303 3327 413 3409 periit:
437 3325 589 3411 siquidem
613 3324 836 3410 clangentibus
856 3324 930 3393 illis.

107 3430 181 3494 Ulta
204 3438 289 3491 tuam
310 3439 386 3511 post
408 3440 456 3491 est
479 3427 609 3492 horrida
631 3449 736 3508 poem
758 3448 893 3502 necem,

41 3532 193 3611 Sisyphia
216 3531 344 3593 tellure.
390 3529 470 3609 Quis
493 3550 514 3593 ο
535 3528 631 3592 furor
652 3529 729 3605 iste,
761 3530 922 3604 latrones,

106 3636 297 3696 Sanctorum
320 3634 409 3717 quod
431 3653 491 3696 vos
513 3652 577 3695 non
600 3643 709 3694 movet
730 3630 776 3693 ira
799 3629 916 3692 deun?
949 3640 952 3645 '
1040 3700 1043 3703 ,

41 3733 139 3798 Vatis
162 3745 193 3797 et
216 3732 391 3817 Aegisthus
412 3732 560 3796 foedatus
583 3731 736 3816 sanguine
758 3734 903 3794 dextram

106 3836 265 3919 Effugere
286 3832 498 3899 Eumenidum
520 3833 639 3897 lumina
657 3853 727 3901 ¹uon
748 3832 870 3917 potuit.
911 3900 915 3905 ,

581 3972 636 4036 36.

42 4090 194 4157 sedecies
217 4111 317 4155 annos
338 4102 413 4172 post
434 4094 574 4175 quinque
596 4093 757 4158 Simonida
780 4104 913 4157 cunctos

104 4199 291 4278 Exsuperat
313 4195 446 4259 memori
468 4207 570 4259 mente
593 4196 831 4277 Leoprepides.
