2762 4762
422 358 522 422 xlv.
558 352 784 419 CHOREAE
808 350 1116 415 MORTUALES.

380 479 552 544 saltemus!
576 473 687 538 Socias
709 472 828 557 iungite
851 474 1011 535 dexteras.

379 582 447 643 lam
470 580 587 643 Manes
609 576 723 638 dubius
745 585 907 656 provocat
927 575 1114 656 Hesperus,

378 685 445 746 Per
467 684 567 743 nubes
589 678 757 740 tremulum
779 676 919 756 Cynthia
943 674 1083 738 candidis

464 785 588 846 Lumen
611 781 762 843 cornibus
789 778 917 862 ingerit.

381 904 420 966 In
442 902 546 965 lodice
568 922 660 962 senes
683 921 746 962 non
770 899 849 961 bene
871 900 1029 979 pendula,

379 1007 418 1069 In
441 1002 625 1085 ferruginea
649 1002 777 1081 cyclade
801 999 958 1083 virginem

382 1108 446 1170 Sed
467 1105 550 1186 picta
573 1103 667 1167 violis
691 1123 772 1186 grex
794 1113 884 1164 tener
905 1101 1012 1162 instita

463 1208 617 1268 Alternus
639 1204 773 1266 lauimus
796 1202 905 1282 pedes.

378 1329 442 1390 ch
464 1337 495 1389 et
516 1324 704 1406 pontificum
726 1324 821 1383 thure
842 1320 1062 1404 fragrantibus

379 1430 448 1493 Rus
471 1425 611 1509 pastoris
634 1425 724 1487 olens
747 1417 849 1503 pileus
871 1422 999 1498 inlulis,
1040 1492 1049 1501 .

378 1532 424 1594 Et
445 1550 558 1613 regum
582 1524 691 1607 Tyriis
713 1526 847 1606 paenula
872 1526 1013 1588 vestibus

465 1631 663 1703 Miscentur,
689 1626 755 1690 siue
777 1628 916 1689 nomine.

378 1751 494 1815 Nullus
517 1752 554 1811 de
577 1750 698 1812 tumulo
722 1746 876 1811 sellicitus
898 1770 958 1809 suo
1037 1770 1040 1775 ⁴

378 1858 447 1916 Aut
468 1871 606 1932 pompae
627 1850 747 1923 titulis,
772 1848 892 1923 invidet
912 1848 1016 1911 alteri.

381 1954 502 2016 Omnes
524 1972 611 2016 mors
634 1951 730 2013 variis
753 1952 876 2013 casibus
900 1951 1028 2024 obruit,

462 2054 563 2119 Nullo
586 2052 700 2115 nubilis
723 2053 847 2115 ordine.

260 2170 265 2185 ’
377 2175 483 2239 Nobis
505 2184 615 2237 nostra
639 2185 745 2235 tamen
767 2184 839 2235 sunt
862 2194 991 2257 quicque
1013 2174 1139 2245 sidera3-
1186 2223 1190 2230 .

275 2358 279 2363 ν
378 2279 440 2340 Sed
461 2276 606 2338 formosa
629 2275 748 2349 minus,
774 2285 847 2336 sunt
870 2274 1034 2355 Zephyri,
1057 2275 1133 2337 licet

377 2377 475 2440 Veris
498 2377 681 2450 dissimiles,
706 2397 845 2458 auraque
869 2376 996 2439 tenuior

462 2478 697 2560 Cupressisque
718 2477 871 2560 frequens
893 2499 1015 2540 nemus.

331 2626 338 2635 ·
380 2600 412 2663 0
435 2600 541 2660 dulces
564 2597 706 2670 animae,
732 2597 794 2659 vita
817 2597 932 2678 quibus
954 2619 1011 2659 sua

377 2699 438 2761 Est
461 2709 595 2760 exacta:
620 2699 718 2782 nigris
742 2700 876 2760 sternite
898 2698 1031 2761 floribus

378 2800 482 2879 Quam
505 2801 664 2861 calcamus
686 2802 831 2874 humum
854 2802 1000 2885 spargite
1022 2800 1086 2863 lilia

461 2901 574 2965 Fuscis
597 2912 688 2984 grate
711 2902 889 2965 coloribus.

381 3024 490 3103 Aptos
511 3033 546 3084 ut
568 3020 695 3084 choreis
716 3021 879 3086 inferimus
900 3026 1014 3104 pedes!

377 3126 422 3188 Ut
444 3124 531 3187 nullo
554 3124 694 3207 quatitur
716 3136 802 3185 terra
826 3124 976 3209 negotio!

375 3227 513 3307 Dempta
535 3226 620 3287 mole
642 3224 730 3286 leves
753 3238 783 3286 et
805 3226 870 3288 sine
894 3229 1037 3308 pondere

462 3328 603 3390 Umbrae
623 3325 758 3388 ludimus
782 3326 884 3389 alites.

378 3450 591 3510 Tercentum
615 3446 711 3508 tacito
736 3468 894 3509 murmure
917 3446 1068 3523 sistimus,

378 3551 446 3611 'l'er
467 3534 526 3612 nos
549 3542 870 3635 Elysimu'vertimus
894 3551 932 3611 ad
954 3549 1075 3631 polum.

288 3708 294 3713 ,
379 3652 446 3713 'l'er
468 3650 572 3714 noctis
593 3633 740 3713 tenebras
764 3650 923 3736 (stringite
944 3651 1074 3731 lumina)

459 3753 599 3815 Pallenti
618 3752 689 3816 sace
711 3752 903 3836 rutupimus.

376 3872 448 3935 Nos
470 3873 650 3955 qtrieunque
674 3874 761 3937 vides
784 3876 934 3955 plaudere
957 3874 1131 3952 Manibus,

377 3971 528 4037 Cantabis
551 3973 667 4036 similes
689 3988 723 4037 tu
745 3997 873 4060 quoque
897 3977 1036 4040 naenias.

377 4073 476 4149 Quod
490 4093 574 4133 nnnc
590 4093 641 4147 es,
657 4075 786 4139 fuimus.
832 4080 931 4158 Quod
944 4101 1071 4156 sumus,
1088 4081 1152 4144 boe
1167 4080 1244 4144 eris.
1282 4081 1322 4144 35

463 4170 663 4235 Praemissus
684 4196 817 4256 sequere
839 4192 871 4242 et
895 4184 979 4244 vale.

663 4274 867 4294 —N———n
