2750 4744
213 184 277 246 stt

213 332 263 393 Te
284 329 360 393 licet
383 338 527 392 orantem
549 326 659 390 fuscae
681 327 758 389 desis
780 325 886 389 audiat
909 326 1024 400 aulae,

275 433 400 512 Nempe
422 442 493 492 tuas
515 428 661 503 lacrimas
683 426 778 490 litore
800 429 898 501 surde
920 427 1043 489 bibent.

212 536 303 597 Vota
326 541 456 595 movent
477 526 626 611 s'uperos.
671 516 902 611 Ubi'portitor
922 548 995 592 aera
1020 527 1161 612 recepit,

278 635 421 699 Obserat
442 633 599 695 herbosos
624 630 728 692 lurida
750 641 845 712 porta
868 650 985 712 rogos.

213 734 273 798 Sic
290 746 428 796 maestae
450 731 595 795 cecinere
620 733 734 806 tubae,
758 752 856 815 quom
878 730 1003 794 subdita
1024 740 1170 794 nostrum

276 836 471 899 Detraheret
492 832 579 896 lecto
604 831 662 894 fax
686 831 812 894 inimica
835 842 943 911 caput.
1006 852 1012 864 ¹
1288 836 1320 895 111

212 935 299 1017 Quid
321 934 397 997 mihi
416 932 600 1016 coniugium
620 932 744 1008 Paulli,
771 932 848 1015 qnid
868 953 982 994 currus
1004 953 1140 997 avorum

276 1034 407 1101 Profuit
422 1045 476 1097 aut
500 1034 602 1097 famae
625 1032 872 1115 pignoratoria
895 1032 1011 1096 meae?

213 1141 298 1201 Num
321 1135 423 1199 minus
444 1136 577 1198 immites
598 1133 696 1196 habui
719 1133 873 1198 Cornelia
896 1134 1043 1196 Parcas?

276 1241 329 1301 En
346 1259 433 1311 siam,
458 1239 547 1319 quod
568 1234 675 1319 digitis
697 1234 839 1319 quinque
859 1236 1005 1310 levatur,
1028 1239 1126 1302 onus!

211 1339 386 1403 Damoetae
409 1348 519 1399 noctes
540 1348 573 1398 et
595 1357 655 1398 vos
675 1339 757 1398 vada
776 1337 862 1398 lenta
882 1337 1015 1418 paludes

276 1442 320 1503 Et
343 1458 552 1524 quaecunque
576 1457 664 1501 meos
686 1437 829 1520 implicat
855 1441 937 1500 unda
958 1442 1077 1521 pedes,
1111 1486 1115 1491 -

220 1545 390 1606 Immaturae
411 1539 503 1612 licet,
526 1550 631 1601 tamen
654 1540 717 1600 hnc
738 1558 802 1601 uon
826 1538 924 1602 noxia
945 1540 1036 1614 veni3

274 1642 339 1704 Det
361 1651 454 1722 pater
472 1641 524 1702 bic
545 1640 677 1702 umbrae
696 1639 805 1702 mollia
826 1640 895 1702 iura
922 1661 1023 1703 mene.

214 1745 298 1820 Atat,
324 1742 350 1806 si
373 1740 444 1826 quis
468 1739 573 1824 posita
596 1740 692 1803 iudex
714 1743 804 1803 sedet
824 1742 953 1804 Aeacus
977 1761 1076 1818 urna,

211 1965 302 2006 inesset
320 1960 408 2004 iudicio
424 1959 532 2001 Romana
548 1958 680 2003 maiestas:
699 1956 803 2000 Laberii
819 1957 967 2015 Prologum,
987 1970 1002 1999 a
1019 1957 1147 2001 Macrobio
1167 1966 1323 2004 conservatam

211 2031 240 2074 1..
261 2029 286 2074 2.
312 2030 363 2072 Sat.
384 2026 409 2075 1.
427 2023 646 2093 'Cathen
667 2029 696 2070 de
716 2010 894 2080 timi
921 2030 946 2069 ei
967 2026 1092 2070 Thetidis:
1123 2025 1220 2070 Incerti
1233 2028 1322 2086 ‘milae

211 2099 399 2143 consolationem
416 2097 445 2138 ad
463 2095 557 2138 Liuiam
569 2097 700 2153 Augustam
717 2103 789 2149 super
805 2098 882 2137 morte
900 2091 959 2145 filii,
979 2095 1022 2137 sed
1036 2098 1081 2137 hoc
1094 2107 1147 2137 cum
1167 2096 1251 2149 primis
1269 2097 1323 2140 Pro-

211 2167 283 2223 pertii
303 2160 525 2220 potitiij‘c'eteris
542 2169 621 2207 1111111
643 2162 815 2221 elegantissimi
833 2162 880 2206 viri
900 2163 1043 2206 dulcissimis
1066 2163 1138 2206 eliam
1156 2164 1242 2222 elegiis
1261 2165 1324 2222 longe

211 2234 395 2280 excellentius.”
429 2233 550 2287 Koppiers
568 2231 672 2277 Obseru.
697 2233 781 2288 philol.
810 2244 834 2285 p.
859 2227 918 2275 151.
938 2254 972 2265 —
996 2231 1057 2274 lllud
1074 2236 1154 2274 autem
1173 2234 1197 2275 in
1228 2233 1325 2276 Drusum

211 2302 376 2358 „miserabile
397 2301 529 2354 carman’',
555 2302 661 2357 quamvis
680 2305 771 2345 lersnm
788 2314 816 2343 ac
837 2299 922 2353 dulce,
951 2312 1024 2356 quum
1044 2301 1179 2344 adulatione
1196 2302 1220 2344 in
1243 2301 1324 2345 Caesa·

211 2384 267 2414 rum
283 2371 380 2413 domum
400 2370 472 2412 nimis
490 2370 640 2423 deturpatum
658 2371 704 2423 111,
733 2382 777 2413 uos
805 2368 900 2425 quidem
925 2369 1010 2412 liberis
1030 2369 1216 2413 adolescentulis
1237 2370 1324 2424 publice

211 2439 367 2492 interpretari
384 2438 514 2480 noluimus.
551 2438 649 2481 Laberii
667 2451 726 2483 vero
748 2439 893 2496 prologum,
913 2438 1040 2481 inscientis
1057 2438 1106 2480 iam
1125 2437 1245 2482 libertatis
1263 2451 1326 2496 egre·

211 2508 275 2566 giam
293 2519 392 2558 rocean,
412 2506 549 2559 appendicis
572 2507 626 2550 loco
645 2506 699 2551 huic
716 2507 808 2564 elegiae
826 2505 1003 2559 subiunximus,
1026 2527 1056 2537 -
1084 2506 1325 2563 Exciaiplatranspo·

211 2574 326 2619 sitionuna
349 2589 364 2617 a
385 2573 475 2617 criticis
498 2574 521 2617 in
543 2574 674 2629 Propertio
700 2576 790 2629 passim
815 2578 959 2619 tentatorum
983 2573 1108 2629 praebebit
1132 2576 1261 2619 collocatio
1289 2587 1327 2618 ses

211 2642 321 2699 priorum
348 2654 461 2685 uersuum
479 2647 529 2685 tuin
552 2656 567 2684 a
596 2643 743 2697 Koppiersio
765 2643 908 2697 proposita:
939 2642 1049 2697 Desine,
1080 2642 1169 2687 Paulis
1187 2666 1220 2677 -
1239 2641 1326 2699 Nempe

211 2718 269 2757 tuas
289 2734 321 2744 -
339 2709 375 2754 Te
403 2710 464 2753 licet
490 2733 523 2744 —
552 2708 676 2756 Panditur
694 2711 729 2755 ad
757 2732 786 2744 -
817 2710 897 2772 Quom
917 2713 997 2756 semel
1022 2735 1055 2746 -·-
1078 2709 1135 2756 Non
1157 2718 1282 2764 exorato‚·
1299 2733 1327 2745 -

157 2828 160 2832 Α
211 2780 384 2835 ,1111111111,
410 2779 501 2835 inquit,
527 2792 598 2835 quam
615 2780 692 2824 risam
710 2785 760 2825 tres
783 2781 867 2824 Batavi
886 2783 970 2835 politae
997 2794 1054 2823 anon
1071 2785 1098 2823 nt
1115 2792 1198 2824 verane
1214 2780 1327 2835 adproba-

211 2849 323 2894 verunt.'’
342 2852 391 2891 tum
408 2862 423 2890 a
441 2848 548 2891 Becltio:
576 2846 690 2902 Desine,
709 2848 798 2892 Paulis
818 2870 847 2881 -
866 2847 961 2906 Nempe
976 2855 1034 2893 tuae
1052 2868 1083 2881 ·-
1102 2846 1183 2908 Quom
1201 2850 1284 2893 semel
1300 2868 1325 2879 -

210 2916 267 2964 Non
285 2921 392 2961 exorato
413 2937 442 2948 -
463 2914 500 2959 Te
517 2916 578 2961 licet
596 2938 625 2949 -
638 2913 770 2963 'Panditur
795 2907 839 2960 ad.
861 2939 895 2951 -
913 2917 961 2961 stit
982 2918 1055 2962 etiam
1074 2917 1156 2961 aliter.
1199 2917 1226 2965 5.
1238 2913 1328 2975 sarrae

211 2986 294 3030 llelns.
315 2985 432 3040 probante
455 2985 539 3031 111111..
564 2985 688 3031 reiieicnte
712 2985 821 3030 Oudend.
844 2987 874 3029 ad
891 2986 979 3041 appui.
1007 2984 1032 3030 6.
1051 2999 1076 3040 p.
1101 2983 1160 3029 611.
1191 2986 1326 3031 Sententia:

210 3056 287 3110 „licet
315 3059 337 3098 te
365 3057 473 3097 orantem
503 3053 583 3096 audiat
614 3054 657 3098 Dis
688 3059 771 3108 pater,
807 3055 931 3112 ceteroqui
967 3055 1025 3098 deus
1063 3054 1263 3109 potentissimus,
1297 3054 1328 3096 ai-

210 3124 340 3168 bilominus
358 3128 437 3167 11111111
456 3121 567 3179 (nempe)
586 3135 615 3164 ex
634 3127 733 3167 aeterna
756 3123 862 3166 fatorum
880 3125 933 3181 lege
954 3135 1038 3177 preces
1060 3126 1113 3166 tuae
1135 3123 1221 3167 irrites
1243 3127 1327 3174 erant,

211 3192 371 3248 lacrimaeque
393 3196 446 3235 tuae
464 3189 657 3234 absorbebuntur
681 3205 694 3234 a
720 3192 800 3234 surdis
817 3191 901 3244 Cocyti
919 3191 1005 3245 ripis.”
1060 3187 1085 3235 8.
1105 3189 1240 3236 umbrosos
1255 3191 1327 3234 Codd.

210 3261 241 3303 ab
265 3260 333 3303 Italis
356 3258 470 3313 interpol.
492 3261 581 3316 Vulgo.
601 3282 635 3292 -
653 3258 786 3304 umbrosae
804 3283 814 3294 ·
832 3258 918 3303 domos
939 3259 1076 3304 flemsterb.
1113 3259 1232 3312 „Belsker
1252 3258 1327 3319 (Eleg.

210 3327 295 3381 Rom.)
312 3325 418 3370 herboso
435 3339 499 3385 rogo
517 3328 667 3381 sepulerum,
693 3326 781 3371 lurido
793 3333 870 3384 porta
889 3327 981 3372 inferos
1003 3326 1106 3372 describi
1127 3332 1195 3371 recte
1217 3324 1329 3371 iuflcatl’

211 3395 293 3438 11111).
315 3395 339 3437 in
359 3395 420 3439 Α11.
457 3395 562 3448 „Nullos
580 3397 657 3439 aditus
680 3401 717 3440 est
737 3410 781 3452 per
797 3409 872 3454 rogos
890 3397 923 3453 (s.
947 3394 1069 3450 sepulcra)
1087 3395 1163 3439 herba
1183 3409 1244 3439 mox
1265 3395 1329 3438 obsi-

211 3470 250 3508 tos
269 3465 298 3507 ad
317 3462 408 3507 Orcum
427 3463 521 3517 ipsum,
550 3464 618 3507 cuius
640 3464 740 3519 (lurida)
761 3469 830 3518 porta
851 3466 933 3508 clausa
953 3469 990 3509 est
1006 3465 1030 3507 in
1054 3464 1249 3519 sempiternum
1270 3465 1329 3507 nulls

211 3532 347 3577 commuuio
366 3537 404 3576 est
420 3531 483 3575 iuter
503 3531 596 3576 lnleros
616 3537 687 3590 atque
706 3533 791 3586 11111,
820 3546 850 3576 ne
870 3546 915 3588 per
934 3532 1046 3587 sepulcra
1072 3533 1169 3588 quidem
1193 3532 1329 3575 carissimo·

211 3601 291 3644 rum.”
345 3597 387 3643 16.
419 3600 476 3642 ulra
502 3600 601 3647 Schrad.
669 3597 711 3645 18.
735 3600 867 3656 Deprecor
895 3599 953 3645 baie
977 3601 1109 3654 lloppiers.
1177 3597 1221 3648 19.
1244 3598 1330 3644 Antei

209 3668 338 3728 quaesitor
351 3666 441 3724 posita
458 3666 529 3711 sedet
546 3689 576 3700 -
595 3669 713 3727 Deering.
769 3666 812 3714 20.
832 3681 900 3726 seqq.
919 3670 947 3712 ln
967 3668 1077 3713 oscinibus
1090 3680 1143 3711 snm
1162 3673 1264 3712 secutas
1275 3665 1328 3719 Li„

211 3738 268 3795 quia
289 3735 349 3779 Cdd.
369 3738 430 3789 opti.
451 3735 524 3781 lectio
539 3737 601 3780 bend
618 3738 770 3782 incommode
788 3737 913 3781 videbatur
927 3750 1000 3792 posse
1020 3736 1144 3791 explicari.
1181 3736 1259 3781 Recte
1276 3736 1329 3779 baec

210 3804 291 3850 attulit
308 3803 453 3848 Beltlseras:
484 3805 612 3857 „illustrat
629 3806 687 3851 baec
703 3806 777 3851 rerba
797 3806 916 3850 Asconius
928 3806 953 3850 in
970 3818 1024 3863 arg.
1041 3806 1148 3848 Milon:
1176 3802 1278 3863 Quarto
1294 3802 1329 3848 die

210 3872 303 3918 adesse
326 3883 413 3915 omnes
437 3873 465 3916 in
491 3872 559 3917 diem
580 3880 712 3931 posterum
736 3875 883 3919 iuberentur
909 3888 941 3918 ac
965 3887 1053 3918 corum
1071 3878 1224 3916 accusatore
1242 3887 1276 3917 ae
1292 3883 1330 3915 reo

206 3943 296 4001 pilae,
315 3940 343 3984 in
360 3939 450 3998 quibus
468 3942 572 3985 nomina
589 3940 702 3986 indicum
719 3944 845 4000 inscripta
863 3948 962 3997 essent,
988 3945 1158 4001 aequarentur
1167 3954 1179 3994 ;
1198 3940 1261 3986 dein
1278 3955 1330 3985 rur·

211 4022 257 4055 eus
275 4014 379 4065 postera
396 4007 440 4053 die
455 4010 557 4053 sortitio
582 4009 694 4053 iudicum
713 4010 815 4072 fieret?
852 4013 916 4057 Satis
938 4012 1015 4070 igitur
1038 4010 1194 4068 distinguitur
1208 4011 1292 4066 pila,
1319 4021 1330 4050 e

160 4088 167 4097 “
213 4090 260 4134 que
276 4078 349 4121 iudex
366 4081 432 4120 sorte
452 4076 603 4129 extrahitur,
617 4077 647 4119 ab
666 4091 732 4121 urna
751 4094 773 4123 s.
796 4082 890 4135 sitella,
918 4082 943 4125 in
961 4093 1033 4138 qnam
1058 4079 1150 4123 iudices
1173 4078 1279 4124 tabellas
1292 4078 1331 4121 im·

213 4145 392 4188 mittuntliteris
400 4144 431 4187 Α.
444 4140 571 4199 (Abrotoo)
581 4142 610 4186 C.
620 4139 778 4202 (Condemno)
791 4148 822 4192 N.
830 4148 860 4193 1..
869 4146 937 4204 (Non
945 4147 1034 4208 liquet)
1042 4152 1153 4206 notatas3
1167 4148 1250 4192 omnia
1257 4141 1296 4191 blc
1306 4158 1331 4189 ex

206 4224 283 4271 'more
300 4213 419 4256 Romano.
457 4210 579 4254 Sententia
592 4210 665 4268 igitar
687 4213 745 4257 baec
763 4217 823 4262 erit:
843 4217 932 4274 „Quod
950 4220 971 4262 11
993 4218 1099 4263 tortasse
1119 4216 1215 4262 Aeacus
1233 4209 1332 4276 (aaron
