2736 4748
22 330 117 395 Nam
142 325 240 394 citius
262 327 402 409 Scyllam
424 327 478 394 cel
499 325 723 394 concurrentia
745 335 845 409 stra,

23 431 205 512 Cyaneas,
229 433 343 514 plenos
365 442 397 495 et
418 433 658 514 tempestatibus
679 441 768 496 utres

23 532 241 600 Crediderim
265 543 320 597 ant
340 532 427 597 teneri
448 554 635 616 percussum
656 534 794 597 uerbere
817 531 929 598 Circes

22 637 74 701 Et
98 657 179 698 cnm
203 633 376 719 remigibus
398 634 567 718 grunnisse
588 634 754 717 Elpenora
775 634 900 717 porcis.

24 738 120 802 Tam
145 735 240 801 vacui
262 735 373 818 capitis
395 735 549 819 populum
572 737 719 800 Phaeaca
740 735 914 818 putavit?”

24 836 85 901 Sic
111 836 234 921 aliquis
258 836 372 900 merito
394 838 534 900 nondum
558 837 665 901 ebrius
687 849 721 901 et
740 837 900 901 minimum
923 839 994 924 qrri'

23 939 80 1004 De
108 936 301 1017 Corcyraea
323 948 473 1001 temetum
495 939 629 1001 dsrxerat
649 960 750 1002 urnas
1118 943 1159 1008 25
1215 978 1218 985 ⁴

25 1041 138 1104 Solus
161 1038 243 1103 enim
264 1041 344 1103 haec
367 1041 497 1103 ithacus
519 1040 607 1103 nnllo
628 1044 688 1104 snb
711 1050 791 1104 teste
812 1041 961 1106 canebat.

25 1143 106 1207 Nos
135 1143 275 1204 miranda
297 1142 442 1225 quidem,
466 1144 523 1205 sed
543 1162 646 1224 nuper
667 1142 799 1206 consule
821 1143 916 1206 Irinio

26 1245 142 1309 Gesta
163 1263 263 1325 snper
283 1245 402 1308 calidae
423 1243 601 1308 referemus
626 1244 750 1310 moenia
771 1243 894 1329 copti:

26 1347 108 1411 Nos
134 1344 228 1430 volgi
249 1346 353 1410 scelus
374 1355 406 1410 et
427 1347 547 1410 crunctis
570 1347 722 1431 graviora
743 1351 928 1414 cothurnis:

27 1449 123 1512 Nam
146 1448 269 1524 scelus,
293 1469 311 1510 a
334 1448 460 1527 Pyrrha
483 1469 671 1532 quamquam
694 1450 798 1514 omnia
816 1463 954 1530 syrmata
971 1450 1102 1531 volvas,
1119 1452 1161 1516 8⁰

27 1549 159 1615 Nullus
181 1550 264 1631 apud
286 1549 428 1632 tragicos
448 1551 588 1632 populns
612 1549 703 1614 facit.
746 1552 871 1635 Accipe
893 1564 1007 1618 nostro

27 1650 123 1718 Dira
146 1652 235 1734 qnod
257 1651 437 1734 exemplum
460 1652 569 1718 lenitas
590 1654 781 1734 produxerit
802 1676 899 1720 aevo.

75 1752 175 1816 Inter
196 1740 346 1817 finitimos
368 1764 462 1816 vetus
485 1766 582 1836 atque
603 1755 732 1840 antiqua
752 1756 915 1835 simultas,

29 1854 228 1918 Immortale
250 1854 358 1916 odium
380 1865 413 1918 et
433 1876 592 1940 utinquam
615 1858 756 1921 sanabile
778 1860 893 1922 volnus

32 1956 148 2019 Ardet
170 1957 273 2018 adhuc
294 1956 419 2020 Ombos
441 1968 473 2020 et
495 1960 651 2038 Tentyra.
695 1958 842 2023 Summus
864 1958 1013 2044 utrinqne
1118 1960 1160 2025 35

32 2057 122 2120 Inde
144 2057 238 2121 iuror
260 2059 380 2142 volgo,
403 2061 493 2143 qnod
513 2061 641 2123 nrrmino
663 2058 842 2124 vicinorum

34 2157 121 2224 Odit
144 2170 278 2242 uterque
298 2161 409 2234 locnss
432 2182 529 2245 quom
551 2163 641 2227 solos
663 2164 772 2226 credat
792 2164 956 2227 habendos

32 2262 125 2325 Esse
148 2262 244 2335 deos,
268 2282 351 2345 qsros
371 2260 441 2343 ipse
463 2262 553 2328 colit.
598 2265 663 2328 Sed
683 2273 829 2346 tempore
850 2264 935 2330 festo

32 2362 187 2426 Alterius
209 2362 321 2444 populi
342 2364 492 2445 rapienda
515 2365 644 2431 occasio
666 2365 788 2430 cunctis

34 2462 126 2527 Visa
147 2461 345 2528 inimicorum
367 2465 563 2548 primoribus
584 2487 621 2531 ae
642 2467 794 2545 ducibns3
817 2490 858 2533 ne
1118 2469 1162 2533 1⁰
1261 2480 1264 2487 ⁴

31 2657 91 2689 rana
109 2644 208 2700 scripsit
220 2644 338 2691 luvenalis
355 2648 440 2692 aetatis
457 2661 515 2693 snae
530 2650 608 2705 primo
621 2656 645 2696 et
657 2651 820 2709 octogesim03
833 2663 857 2695 r.
874 2649 969 2695 Franci
980 2649 1087 2695 Examen
1102 2652 1159 2696 erit.

32 2713 91 2758 lav.
112 2715 185 2757 vitae.
205 2727 228 2770 p.
250 2712 292 2759 93.
329 2714 371 2761 28.
391 2716 447 2762 Nilo
468 2722 492 2762 et
509 2720 611 2776 quinque
631 2721 708 2763 nomis
728 2719 834 2774 Tentyra
851 2719 917 2774 (bod.
938 2717 1070 2772 Desidere)
1087 2719 1161 2762 dista·

32 2781 79 2826 bat
98 2781 130 2826 ab
150 2781 235 2826 Ombis
260 2781 328 2841 (bod.
348 2781 408 2829 Ceius
426 2784 540 2843 Ombo.);
571 2787 643 2832 Ombi
667 2789 761 2845 quidem
784 2800 871 2841 super,
903 2788 945 2830 sed
973 2786 1079 2840 Tentyra
1098 2787 1161 2831 infra

32 2851 137 2906 Copton
156 2845 241 2908 (Kofl)
260 2854 306 2897 sita
329 2859 406 2898 erant.
448 2854 480 2899 Al
498 2856 637 2909 Tentyritae
655 2857 679 2901 in
695 2857 805 2902 Ombitas
823 2857 937 2911 impeturn
954 2854 1040 2900 fecisse
1063 2856 1160 2898 tradun-

32 2924 76 2965 tur
106 2920 171 2965 inter
197 2922 327 2966 sollemnes
352 2924 450 2979 epulas,
482 2924 506 2969 in
534 2926 593 2980 ipsis
621 2927 694 2984 igitur
717 2925 802 2969 Ombis
832 2937 932 2979 „snper
949 2924 1048 2968 moenio
1065 2922 1161 2979 Copti.”

32 2991 109 3046 Quae
127 2989 214 3044 oppida
231 3004 302 3048 qnnns
313 2989 430 3052 finitimo
446 2998 511 3038 certe
530 3007 577 3038 non
595 2995 698 3049 luerint,
717 2995 779 3038 band
795 2991 958 3048 <improbabile
978 2996 1028 3044 est,
1047 2991 1160 3044 Tentyri·

32 3063 75 3103 tus
103 3065 275 3115 persequentes
299 3074 353 3105 com
374 3062 457 3106 furore
480 3066 504 3106 et
531 3069 644 3108 necantes
666 3064 817 3115 crocodilos,
852 3063 953 3105 irruisse
974 3061 998 3103 in
1021 3060 1161 3114 propiorem

31 3128 147 3184 aliquam
170 3132 279 3185 gentem,
311 3129 435 3174 coninsam
454 3131 590 3190 ignorantia
612 3134 720 3183 locorum
738 3131 839 3185 abipso
865 3131 935 3184 potin
958 3141 1012 3172 cum
1032 3127 1158 3182 Ombitis,

31 3195 149 3241 omnium
164 3198 306 3251 populorum
324 3199 458 3244 crocodilos
477 3201 606 3246 colentium
620 3201 644 3244 in
660 3202 742 3258 vulgus
754 3199 891 3242 notissimo.
910 3208 933 3240 r.
954 3196 1048 3241 Trancll
1059 3210 1082 3251 p.
1099 3193 1158 3241 112.

33 3263 102 3310 115.
139 3264 214 3311 Recte
242 3280 301 3312 roro
324 3267 458 3325 Pinzgerns
481 3269 547 3313 Dise.
571 3282 597 3325 p.
620 3266 662 3313 21.
682 3271 830 3313 demonstrat
850 3264 948 3311 minime
967 3277 996 3309 ex
1015 3266 1060 3308 boe
1082 3265 1160 3319 illud,

31 3334 104 3391 qnod
123 3333 220 3379 voleb'at
237 3336 388 3391 Tranckins,
408 3350 479 3392 posse
496 3338 593 3397 colligi,
614 3339 668 3383 scil.
711 3338 847 3383 iuvenalem
864 3337 887 3380 in
913 3334 1022 3392 Aegypto
1041 3346 1161 3390 nonquam

29 3403 125 3448 fnisse.
163 3405 297 3460 „Poterat‚
324 3408 419 3463 inquit.
448 3408 519 3463 pollta
538 3406 728 3462 proculdubio,
748 3419 820 3464 quum
841 3404 1010 3463 octogenarios
1026 3404 1118 3446 venerit
1136 3403 1160 3445 in

30 3473 176 3529 Aegyptum
191 3487 267 3532 neque
275 3506 283 3530 ,
302 3481 328 3520 nt
345 3478 453 3531 ridetur,
472 3478 578 3521 locorum
591 3478 615 3522 in
625 3477 656 3521 iis
668 3477 807 3534 regionibns
819 3476 879 3519 situs
894 3485 1039 3530 rnugnopere
1049 3471 1160 3514 curiosos
1191 3484 1195 3493 ·

29 3541 128 3595 inerit,
155 3541 292 3598 Tentyritae
311 3550 335 3589 et
353 3544 463 3590 Ombitas
483 3544 598 3590 finitimos
622 3557 723 3597 vocare,
752 3557 824 3602 quum
842 3542 936 3587 nonnisi
963 3541 992 3584 ed
1010 3541 1161 3597 trigesimam

30 3610 146 3666 lapideus
160 3612 224 3657 inter
241 3626 268 3659 se
289 3615 469 3673 dictenturque
487 3616 551 3659 inter
575 3619 701 3671 utrumqne
718 3615 830 3669 oppidum
844 3613 908 3655 alind
926 3610 1027 3653 maioris
1045 3608 1160 3653 momenti

30 3682 113 3727 situm
132 3680 191 3725 sit.”
225 3683 330 3728 Molesta
353 3688 436 3728 contra
456 3688 492 3729 est
516 3684 615 3729 Weberi
643 3684 706 3727 ratio
723 3696 820 3727 versum
839 3677 881 3725 33.
902 3681 994 3725 rnaiore
1009 3678 1161 3723 distinctione

29 3764 46 3793 a
67 3761 143 3806 seqq.
162 3749 331 3807 distrahentis,
350 3758 396 3807 ,nt
413 3753 445 3797 sit
461 3754 581 3811 generalis
602 3752 749 3808 propositio,
782 3755 806 3796 et
828 3749 933 3793 numine
954 3747 1093 3793 vicinorum
1114 3761 1161 3792 non

29 3821 63 3863 ad
71 3819 187 3871 Tentyra
194 3823 218 3863 et
227 3819 319 3864 Ombos
327 3822 465 3867 referantur
472 3854 479 3877 ,
496 3836 571 3880 neque
579 3821 611 3865 ibi
624 3822 667 3866 hae
678 3821 750 3864 urbes
760 3819 806 3864 sibi
817 3820 927 3863 inimicae
937 3819 1062 3870 dicuntur,
1073 3818 1115 3861 sed
1126 3817 1162 3859 in·

28 3889 181 3945 telligantnr
199 3901 241 3933 eae
255 3890 381 3945 ciuitates,
402 3904 461 3949 qnae
480 3893 574 3949 utrique
590 3891 678 3946 populo
697 3888 853 3944 interpositae
865 3892 932 3933 erant
944 3891 985 3931 ant
996 3883 1163 3930 adiacebanl.''

30 3958 85 4003 Sed
101 3956 158 4000 bnic
176 3957 367 4013 interpretationi
385 3966 503 4018 repugnat
521 3965 570 4004 tola
588 3961 660 4003 totins
678 3958 724 4003 loci
744 3957 922 4011 conformatio,
942 3970 974 4000 exv
990 3968 1051 4012 qnia,
1072 3958 1096 3996 ul
1115 3953 1162 3994 lam

29 4026 98 4071 vidit
116 4025 216 4081 Sobel„
246 4028 368 4073 artissime
387 4031 550 4087 coniungenda
568 4033 624 4073 sont
643 4026 712 4072 Inter
721 4024 864 4092 finitimos,
891 4024 984 4070 Ombos
1002 4028 1026 4065 el
1047 4020 1162 4077 Tentyra

30 4096 52 4141 l.
75 4108 101 4140 e.
121 4095 186 4139 inter
204 4095 295 4141 ricinos
313 4096 423 4142 Ombitas
442 4102 466 4142 et
483 4097 630 4153 Tentyrilas.
673 4096 716 4144 29.
735 4098 835 4141 scelera
853 4096 882 4140 F.
920 4090 962 4137 3l·
983 4090 1078 4144 ⁸P⁰fl¹¹⁸
1097 4088 1161 4129 ’ΜΨ

29 4168 78 4210 tur
96 4163 163 4218 ltup.
214 4161 256 4211 35.
287 4163 377 4211 limbos
396 4166 476 4214 Valic.
500 4188 533 4200 —
562 4163 664 4212 Combor
687 4179 815 4224 perperam
837 4174 920 4208 omnes
943 4159 1002 4204 anei.
1024 4176 1053 4190 ·-
1073 4152 1162 4212 Coptos

30 4234 102 4290 itnp.
123 4233 154 4278 de
172 4234 236 4280 coni.
274 4231 317 4280 3⁶.
336 4235 407 4296 oulgs'
420 4234 538 4281 CDETG.
