2750 4744
1097 210 1161 273 231

33 361 324 446 Sanguine'adhuc
346 363 423 427 rivo
447 373 564 427 terram
589 365 731 426 subitura
754 367 917 430 sacerdos.
1120 370 1160 430 10

33 466 96 527 Sed
117 487 203 527 nunc
226 468 265 528 de
287 466 379 527 factis
402 465 600 529 levioribus:
623 478 654 528 et
676 477 782 530 tamen
802 468 882 532 alter

34 565 65 628 Si
85 565 220 630 fecisset
241 567 341 645 idem,
366 569 493 630 caderet
516 569 575 630 sub
597 567 698 630 iudice
720 591 859 633 morum.

33 670 112 730 Nam
138 672 228 753 quod
250 681 345 751 turpe
367 671 481 746 bonis,
507 670 595 734 Titio
619 671 778 753 Seioque,
804 674 935 736 decebat

18 769 233 852 'Crispinum
279 771 364 849 Quid
386 793 480 855 agas,
505 794 602 856 qarom
625 774 695 836 dira
717 787 749 836 et
771 774 900 838 foedior
923 777 1013 841 numi

37 873 180 937 Crimine
203 894 342 954 persona
365 874 440 935 est‘?
461 875 602 937 Mullum
625 897 683 938 sex
706 876 830 939 mililius
854 878 949 952 eurit,
1116 886 1155 946 15

36 981 237 1057 Aequantem
261 996 336 1037 sanc
358 973 489 1056 paribus
511 976 656 1039 sestertia
681 977 794 1053 libris,

36 1079 77 1141 Ut
98 1078 290 1159 perbibent,
315 1079 431 1158 quide
456 1078 577 1160 maguis
601 1079 719 1143 maiora
743 1081 929 1162 loquuntur.

36 1179 215 1243 Consilium
239 1178 335 1241 laudo
358 1179 509 1255 artificis,
534 1179 562 1242 si
584 1202 714 1244 munere
737 1194 824 1245 tauto

35 1282 246 1362 Praecipuam
269 1279 301 1342 in
323 1280 438 1342 tabulis
462 1303 566 1343 ceram
589 1284 672 1344 senis
695 1284 825 1347 abstulit
848 1286 932 1349 orbi.

36 1385 93 1445 Est
115 1383 202 1445 ratio
226 1383 381 1456 ulterior,
408 1404 539 1465 magnae
562 1383 589 1445 si
612 1385 694 1446 misit
716 1385 851 1460 amicae,

37 1485 125 1564 Qtrae
148 1484 278 1547 vehitur
300 1485 409 1549 clauso
433 1486 503 1547 latis
526 1486 746 1567 specularibus
770 1502 874 1553 antro.

37 1586 89 1649 Nil
111 1587 174 1649 tale
198 1599 384 1668 exspectes:
410 1587 482 1648 emit
505 1587 576 1649 sibi.
622 1590 727 1650 Multa
752 1588 913 1668 videmus,
985 1612 990 1621 ’

38 1689 126 1768 Quae
149 1689 245 1751 miser
268 1700 298 1751 et
320 1688 410 1772 frugi
432 1710 495 1751 non
518 1688 597 1751 lecit
619 1690 768 1772 Apicius.
814 1694 889 1757 Hoc
911 1707 946 1757 tu

38 1791 227 1854 Succinctus
248 1791 350 1871 patria
373 1793 554 1874 quondam,
580 1790 749 1874 Crispine,
774 1794 925 1875 papyro?

36 1894 112 1955 Hoc
133 1891 273 1974 pretinm
295 1892 472 1976 squamae?
495 1893 606 1956 Potuit
627 1894 766 1957 fortasse
793 1896 923 1959 minoris

37 1996 188 2057 Piscator
210 2015 301 2077 quam
324 1994 419 2076 piscis
441 1996 513 2058 emi.
558 1995 733 2058 Provincia
755 1996 833 2058 tanti

37 2097 161 2159 Vendit
183 2117 299 2181 agros,
324 2099 378 2158 sed
402 2094 537 2160 maiores
561 2098 703 2179 Appulia
726 2097 846 2160 vendit.

38 2199 158 2278 Quales
180 2210 256 2259 trine
278 2199 387 2279 epulas
408 2199 511 2280 ipsum
535 2197 667 2282 glutisse
689 2212 835 2281 putamus

36 2300 332 2382 induperatorem?
354 2321 450 2382 quom
473 2311 522 2364 tot
545 2301 712 2377 sestertia,
738 2314 860 2383 partem

37 2475 207 2530 aspernatur.¹'
230 2479 366 2530 spernetur
384 2473 444 2517 Cdd.
463 2474 521 2530 aliq.
541 2474 622 2518 Senot.
639 2475 742 2519 Hennin.
762 2476 821 2519 nibil
837 2481 884 2520 est.
922 2474 945 2521 6.
966 2490 1094 2523 nemorum
1114 2508 1128 2517 -
1148 2507 1156 2515 -

38 2541 137 2601 sembra]
157 2543 313 2597 „ris-idianis,
333 2543 373 2586 nbi
392 2544 471 2587 solent
487 2543 604 2600 gestari.’'
621 2545 702 2588 Schol.
741 2542 766 2588 l.
786 2546 906 2591 Heineclxe
921 2547 1043 2593 distinxit:
1066 2548 1158 2608 lugere

37 2618 96 2671 quot
113 2612 199 2656 sicine
222 2610 314 2667 (urbi),
343 2609 390 2669 (in)
401 2608 464 2669 soro
482 2625 544 2669 quus
563 2614 651 2656 emerit
673 2611 758 2658 aedes.
783 2614 858 2659 Recte
879 2616 1011 2674 Pinzgerns
1038 2619 1160 2661 adirronuit

37 2697 74 2725 me
97 2682 170 2725 Statii
187 2681 248 2725 Silo.
269 2678 299 2734 5,
320 2679 353 2734 2,
375 2679 417 2724 21.
454 2678 568 2731 Romulei
585 2681 676 2741 iugero
700 2678 777 2727 Circi.
814 2684 874 2727 Sunt
892 2685 964 2743 igitur
982 2689 1059 2740 ampla
1082 2689 1160 2740 spatia

37 2752 182 2796 hortorum.
214 2763 339 2794 nemorum
362 2751 385 2792 in
404 2751 482 2793 media
500 2749 580 2805 Urbe,
607 2751 640 2794 nti
657 2751 753 2796 fuerant
773 2753 863 2796 circum
880 2753 984 2798 Neronis
1002 2768 1100 2798 auream
1118 2757 1159 2797 do-

38 2833 119 2875 mnm3
133 2832 158 2862 r.
177 2819 255 2862 Tacit.
269 2819 332 2862 Anu.
349 2818 398 2872 15,
419 2815 461 2862 12.
500 2819 524 2864 9.
544 2832 648 2879 quocum
667 2820 699 2864 G.
739 2817 780 2864 12.
800 2823 924 2865 damnatus
943 2828 1008 2867 esset
1025 2838 1039 2866 a
1061 2837 1161 2868 censore

37 2889 188 2932 Domitiano.
244 2884 286 2931 13.
316 2887 418 2931 Nomina
445 2885 528 2931 fictitia
551 2890 612 2943 apud
639 2888 712 2933 lCtos
736 2903 759 2933 r.
786 2904 808 2934 c.
829 2889 916 2935 Gaium
933 2890 988 2934 Lib.
1010 2890 1035 2935 2.
1055 2890 1159 2949 §.192

39 2957 109 3001 Tits'o
127 2962 153 3000 et
170 2955 228 3000 Seio
246 2954 370 3000 hominem
388 2953 503 3000 Stichum
523 2956 569 3010 do,
588 2958 655 3019 lego.
702 2959 840 3003 Eorundem
858 2962 1012 3014 praenomina
1035 2966 1090 3004 snut
1107 2960 1161 3004 Lu-

38 3027 95 3070 cius
115 3025 219 3079 Titius,
240 3023 322 3070 Guius
340 3026 414 3069 Seius
432 3025 466 3069 ib.
487 3023 510 3082 §.
531 3022 591 3071 250.
635 3027 672 3071 lb.
692 3025 803 3085 decebat]
822 3029 912 3072 laudari
932 3030 1004 3072 etiam
1021 3034 1116 3082 poterat
1137 3031 1160 3071 iu

38 3095 172 3149 Crispino,
206 3099 286 3149 utpote
305 3108 380 3151 aquo
398 3094 456 3139 nihil
476 3096 521 3139 uisi
539 3097 652 3139 immania
672 3097 779 3149 seelera,
811 3109 858 3139 non
876 3096 981 3140 leviores
1003 3097 1161 3150 turpitudines

38 3169 247 3220 exspectarentur.
298 3160 339 3207 11.
369 3164 436 3207 Unde
460 3164 559 3218 incipias
584 3165 721 3219 vituperare
742 3165 861 3208 hominem
883 3169 931 3207 tarn
946 3165 1057 3217 foedum,
1090 3180 1159 3222 quem

39 3238 161 3290 tamqnam
178 3233 273 3277 fabulae
292 3245 420 3289 personam
445 3226 483 3277 hle
511 3231 627 3276 traduco?
674 3231 714 3276 18.
742 3232 846 3276 bominis
870 3233 942 3275 astuti
961 3249 988 3278 ac
1006 3236 1159 3278 veteratoris.

39 3300 82 3347 28.
105 3302 227 3355 ulterior,
255 3317 301 3345 non
321 3307 369 3345 tam
387 3302 483 3357 „alia”‚
517 3307 542 3345 nt
560 3302 704 3355 aitSehol„
736 3314 805 3358 quam
823 3302 956 3358 „gravior‚
988 3303 1087 3346 maioris
1106 3316 1161 3345 rno-

38 3371 141 3415 rnenti.''
160 3368 203 3418 23.
216 3372 314 3423 Apicius
323 3371 403 3415 helluo
414 3371 527 3426 infamis,
548 3370 651 3414 ubicurn
661 3371 774 3425 Crispino
787 3375 957 3425 componatur,
979 3371 1026 3414 iarn
1039 3385 1125 3426 pascus
1139 3374 1161 3415 et

38 3440 142 3499 frugalis
176 3440 298 3484 habendus
328 3440 384 3484 erit.
412 3433 507 3484 misero
539 3443 673 3485 etiamnunc
697 3440 750 3483 ltali
782 3453 825 3492 pro
854 3440 925 3486 nianis
957 3453 1043 3494 parco,
1078 3454 1160 3482 avaro.

40 3507 82 3553 21.
96 3507 194 3557 Pharin
209 3510 345 3553 Markland.
369 3506 411 3554 25.
426 3508 567 3564 Exponnnt:
587 3510 652 3563 „Hoc
662 3513 696 3562 tn,
711 3509 763 3551 scil.
779 3509 870 3561 iecisti,
885 3521 957 3550 ansuis
970 3521 1006 3552 es.
1021 3507 1161 3564 Aegyptius,

41 3579 186 3622 tenuissimo
204 3580 257 3622 loco
277 3583 361 3625 ortus.
393 3584 430 3631 et,
456 3583 481 3621 ut
504 3579 582 3623 solent
602 3579 730 3633 populares
754 3578 804 3630 tui,
837 3577 912 3631 patria
930 3578 1020 3630 papyro
1041 3579 1162 3632 quondum

41 3645 198 3692 succinctus?
236 3647 318 3691 Hosne
336 3649 442 3701 pretium
465 3651 502 3690 est
520 3660 647 3703 squamae,
668 3643 784 3709 piscisi”
819 3645 871 3703 Ego
894 3647 1027 3690 etiamnunc
1045 3646 1080 3688 sic
1100 3648 1163 3689 analo

41 3731 95 3760 cum
118 3715 185 3760 Guil.
209 3715 270 3760 Ern.
296 3715 423 3762 Webero:
457 3712 511 3759 Hoc
529 3715 594 3773 (scil.
617 3712 733 3772 pretinm)
751 3720 776 3758 tu
795 3740 805 3749 -
824 3740 833 3750 -
853 3712 969 3770 Crispina
988 3734 1021 3745 -
1039 3712 1085 3758 boc
1102 3729 1163 3771 pre-

40 3787 104 3829 tium
122 3798 243 3843 squamae
262 3782 360 3841 (datis.)
378 3782 468 3840 ponis?
502 3787 538 3827 nd
551 3785 752 3829 constructionem
770 3797 794 3828 ν.
813 3781 856 3828 23.
875 3784 911 3828 en·
940 3784 1031 3827 Lucan.
1053 3782 1082 3839 8,
1104 3782 1162 3828 512.

40 3853 152 3898 Nilusne
170 3858 195 3897 et
211 3854 323 3897 horburc
340 3851 467 3911 Memphis
485 3880 500 3893 -
519 3879 528 3889 ·
547 3853 600 3898 Hos
618 3851 737 3896 uniones?
770 3856 813 3903 (—
833 3851 887 3896 Hoc
900 3850 1013 3911 pretium
1033 3850 1167 3913 squamus]

41 3922 204 3967 ABCDEFG.
224 3922 298 3968 Web.
319 3947 351 3956 —
369 3922 423 3968 Hoc
438 3922 521 3981 pretio
539 3936 658 3981 squamae
678 3919 784 3976 (Schol.)
802 3921 865 3976 Rnp.
882 3944 909 3954 -
930 3919 983 3966 Hoc
994 3923 1077 3977 pretio
1088 3934 1162 3979 equa-

43 4005 111 4035 mam
130 3992 242 4035 Crameri
261 3992 340 4047 susp.)
378 3990 420 4037 27.
441 3997 465 4035 et
481 3991 592 4036 maiores
608 3991 710 4035 llenuin.
747 3991 793 4034 Sed
812 3991 858 4035 cfr.
878 3991 948 4035 Ovid.
969 3991 1029 4034 net.
1050 3988 1082 4042 8,
1104 3986 1162 4031 282.

42 4061 156 4104 maiores
174 4058 280 4105 herbida
298 4067 385 4106 tauros
402 4059 458 4106 Non
476 4058 548 4104 babet
560 4059 668 4119 Epiros,
688 4057 735 4103 sed
751 4056 843 4103 hubent
857 4059 944 4104 Siculo
962 4071 1023 4101 arcu
1038 4057 1164 4111 minores,

43 4130 84 4174 nbi
104 4131 188 4173 eadem
204 4130 319 4174 varietas.
356 4131 474 4186 Explica:
506 4132 566 4182 „sed
587 4131 708 4185 Appulia,
734 4134 814 4184 utpote
833 4132 941 4180 deserta,
971 4127 1075 4168 maiores
1094 4126 1164 4168 etiam

43 4212 116 4257 qnam
128 4199 237 4255 reliquae
256 4200 393 4254 provinciae
409 4200 539 4253 cultiores,
559 4213 587 4244 eo
606 4199 683 4254 pretio
696 4211 768 4256 agros
784 4198 871 4254 (apros
883 4196 943 4238 mire
955 4191 1051 4235 volebat
1067 4193 1164 4245 vales.)

45 4269 109 4312 solet
126 4267 257 4313 rendere.”
