2762 4760
206 198 244 260 th

202 357 286 418 Nam
308 351 370 416 luit
392 349 426 413 in
447 347 555 434 pretio
580 343 681 430 magis
704 365 776 420 aes,
799 363 974 427 aurumque
995 341 1122 406 iacebat

206 459 351 538 Propter
371 451 571 516 inutilitatem
592 445 699 512 hebeti
722 466 875 510 mucrone
898 456 1059 508 retusum:

203 561 297 620 Nunc
317 555 401 619 iacet
423 575 492 629 aes,
515 574 626 615 aurum
647 549 680 613 in
702 570 855 612 summum
878 546 1030 611 successit
1052 548 1233 611 honorem.

203 661 257 722 Sic
281 657 441 721 volvenda
464 666 549 719 aetas
573 662 746 717 commutat
764 662 911 732 tempora
933 671 1061 713 rerum:
1252 651 1337 714 1275

206 762 303 840 Quod
323 759 386 822 suit
408 757 441 821 in
462 755 587 840 pretio,
609 757 646 818 fit
670 754 758 818 nullo
781 751 917 837 denique
938 754 1084 827 honore;

203 865 314 926 Porro
337 860 423 923 aliud
444 858 585 922 succedit
607 867 638 920 et
660 879 677 921 e
701 852 941 937 contemptibus
963 854 1030 916 exit

204 966 306 1047 Inque
330 961 396 1025 dies
419 960 522 1045 magis
544 958 707 1043 appetitor
727 957 887 1042 floretque
909 967 1074 1038 repertum

203 1063 367 1150 Laudibus
384 1074 415 1126 et
438 1062 521 1127 miro
542 1073 590 1125 est
607 1058 773 1125 mortaleis
793 1057 876 1121 inter
897 1059 1038 1122 honore.

264 1169 360 1229 Nunc
382 1162 458 1240 tihi,
482 1184 548 1248 quo
567 1158 664 1245 pacto
682 1161 763 1225 ferri
782 1171 895 1223 natura
916 1174 1045 1242 reperta
1252 1166 1339 1230 1280

203 1268 269 1344 sit,
291 1266 416 1330 facilest
436 1264 499 1348 ipsi
520 1286 580 1347 per
599 1275 629 1327 te
648 1284 866 1347 cognoscere,
890 1262 1039 1326 Memmi.

265 1371 367 1434 Arma
389 1367 519 1453 antiqua
543 1388 667 1441 manus,
689 1385 811 1449 ungues
835 1367 1009 1449 dentesque
1031 1365 1163 1429 suerunt

203 1476 245 1536 Et
268 1470 391 1554 lapides
414 1483 446 1534 et
466 1470 559 1545 item,
582 1467 734 1531 silvarum
752 1465 931 1550 fragmina,
951 1466 1065 1530 romei.

202 1578 263 1650 Et,
286 1574 411 1636 flemma
431 1584 526 1657 atque
549 1570 640 1655 ignes
662 1580 830 1652 postquam
855 1579 927 1631 sunt
949 1569 1081 1653 cognita
1098 1571 1273 1653 primum,

201 1674 369 1741 Posterius
389 1673 472 1751 ferri
495 1674 542 1736 vis
564 1685 612 1736 eet
625 1670 771 1755 aerisque
789 1683 936 1753 reperta:
1251 1680 1338 1743 1285

200 1781 246 1843 Et
267 1776 361 1860 prior
382 1775 465 1840 aeris
488 1786 557 1839 erat
577 1796 671 1860 quam
691 1772 772 1836 ferri
794 1773 943 1857 cognitus
964 1796 1056 1851 usus,

202 1880 276 1959 Quo
300 1878 406 1942 facilis
429 1876 533 1962 inagis
554 1888 602 1940 est
624 1887 736 1939 natura
757 1887 789 1940 et
810 1875 906 1959 copia
927 1876 1045 1942 maior.
1123 1910 1133 1925 ·

107 1984 111 1989 ’
205 1985 293 2048 Aere
315 1982 418 2047 solum
439 1992 545 2044 terrae
564 1982 744 2043 tractabant
765 1974 902 2062 aereque
924 1978 1001 2042 belli

201 2084 386 2149 Miscebaut
404 2084 518 2146 fluctus
536 2093 567 2145 et
589 2081 722 2146 volnera
745 2090 833 2144 vasta
854 2081 1003 2144 serebant

201 2188 244 2249 Et
266 2207 363 2267 pecus
385 2196 479 2270 atque
502 2205 600 2268 agros
621 2182 821 2246 adimebantt
846 2204 917 2246 nam
936 2183 1034 2249 facile
1057 2186 1133 2250 ollis
1252 2194 1341 2258 1290

201 2285 317 2352 Omnia
340 2289 495 2349 cedebant
518 2275 647 2347 arrrratis
666 2286 749 2347 nuda
770 2295 801 2347 et
822 2285 956 2349 inerma.

200 2390 279 2452 Inde
300 2387 476 2451 minutatim
498 2385 657 2468 processit
673 2387 798 2449 ferreus
818 2387 901 2451 ensis

200 2492 373 2574 Vorsaque
390 2487 423 2550 in
446 2491 642 2553 obscoenum
663 2486 787 2570 species
809 2500 856 2553 est
877 2490 970 2554 fulcis
994 2495 1131 2570 chenne,

199 2595 243 2655 Et
267 2593 358 2654 ferro
380 2611 518 2672 coepere
541 2591 644 2653 solum
664 2588 875 2671 proscindcre
897 2603 1020 2669 terrae3

200 2697 451 2778 Exaequataque
473 2703 545 2754 suut
568 2690 693 2773 creperi
721 2692 891 2756 certamina
914 2695 1006 2759 belli.
1253 2706 1340 2770 1295

263 2798 305 2858 Et
327 2794 416 2877 prius
440 2804 486 2856 est
505 2804 658 2856 armatum
679 2793 711 2856 iu
734 2793 807 2877 equi
826 2802 1043 2863 conscendere
1056 2812 1173 2864 costas

200 2901 243 2961 Et
265 2895 465 2960 moderarier
485 2898 569 2958 hunc
592 2895 691 2958 sreuis
715 2900 891 2981 dextraque
913 2899 1026 2983 vigere

200 3002 302 3080 Quam
324 2997 439 3081 biiugo
463 3020 560 3060 curru
582 2997 659 3060 belli
681 3008 802 3061 tentare
823 3001 958 3081 pericla.

198 3105 243 3166 Et
261 3100 409 3185 biiugum
430 3099 520 3183 prius
543 3111 589 3162 est
607 3122 701 3186 quam
719 3100 769 3163 his
792 3103 990 3189 coniungere
1012 3108 1109 3174 binos

252 3292 327 3339 1279.
347 3293 383 3337 lte
393 3292 470 3337 Codd.
479 3294 565 3350 pleriq.
574 3294 645 3337 etiem
652 3293 681 3337 C.
690 3293 750 3337 Edd.
759 3298 816 3342 vett.
826 3295 915 3341 hunt.
937 3299 983 3343 Sed
990 3300 1032 3346 W.
1041 3303 1070 3346 de
1080 3305 1144 3347 coni.
1153 3306 1229 3352 miro
1237 3320 1340 3357 ›norta-

196 3364 244 3407 let'r
257 3364 323 3406 inter·
338 3361 432 3406 honore
445 3373 491 3415 eet,
506 3363 559 3419 quie
573 3363 649 3406 Codd.
660 3364 730 3420 aliq„
745 3363 816 3406 etium
829 3364 859 3408 Ε.
878 3367 944 3410 miro
956 3375 994 3412 eet
1006 3383 1039 3414 m.
1054 3370 1072 3414 ι’.
1087 3369 1210 3424 bonores.
1240 3380 1340 3426 Nostra

197 3438 277 3477 eutem
295 3433 359 3475 retio
378 3444 435 3475 seue
454 3433 539 3476 melior
558 3444 627 3487 quam
646 3432 738 3476 Furh.:
767 3432 896 3478 Laudibus
915 3443 939 3480 et
956 3439 1022 3482 miro
1040 3444 1173 3488 murtclee'e
1192 3447 1277 3494 inter
1296 3451 1339 3497 ho·

196 3517 267 3546 nore.
305 3499 380 3544 1281.
395 3501 580 3557 iprumnv.-l1.
620 3499 696 3546 128t.
716 3502 751 3544 lta
765 3501 924 3550 coenon.
936 3506 981 3551 Ar.
996 3508 1159 3570 flummneh.
1172 3515 1204 3559 L.
1222 3519 1339 3566 H.Suh·

196 3574 296 3615 ditinum
309 3571 371 3614 hune
382 3584 479 3615 versum
491 3571 604 3615 ceusshet
615 3571 693 3616 Bentl.
739 3567 814 3617 1289.
835 3573 917 3617 luctus
930 3601 939 3610 ·
953 3574 1066 3635 fiunem
1079 3582 1160 3628 39911·
1174 3598 1199 3631 V·
1212 3588 1340 3637 fflsthk‘

196 3642 308 3685 Analecta
323 3641 378 3684 crit.
393 3654 417 3696 p.
432 3637 492 3685 201.
511 3640 550 3684 uhi
569 3653 599 3685 ex
616 3641 718 3684 Victorii
738 3642 797 3686 Ver.
812 3642 889 3687 Lectt.
903 3641 949 3700 37,
972 3645 995 3691 7.
1016 3650 1096 3695 laudet
1116 3653 1325 3713 Theopompum

196 3711 235 3767 qui
251 3714 311 3754 teste
324 3710 469 3764 Plutarcho,
489 3711 582 3755 dixerat
596 3703 694 3781 ῥεῦμα
706 3708 756 3758 καὶ
768 3706 903 3760 κλύδωνα
915 3713 1057 3780 πολέμου.
1100 3721 1136 3766 lb·
1150 3721 1295 3781 serebant
1309 3692 1339 3775 Gi

198 3776 273 3824 1293.
292 3777 441 3823 obscoenum
456 3794 485 3825 ex
498 3781 608 3825 Macroh.
623 3782 675 3825 Set.
690 3778 714 3834 2,
727 3781 751 3827 h.
770 3784 884 3834 praetulit
899 3783 976 3829 Bentl.
991 3789 1100 3842 reposuit
1109 3793 1152 3839 W.
1165 3794 1254 3841 Codd.
1267 3800 1328 3844 Edd

196 3863 278 3894 omnes
303 3849 481 3907 opprobrium:
510 3853 538 3895 de
560 3853 625 3895 vocis
647 3849 786 3894 obscaenus
809 3853 845 3895 uel
870 3851 1007 3900 obscoenus
1032 3859 1208 3918 orthographia
1234 3836 1341 3914 cer-tani

194 3921 328 3965 etiamnunc
340 3920 506 3978 grumrnatici;
524 3934 547 3964 v.
564 3923 636 3965 Beier
652 3923 681 3965 ad
698 3920 749 3965 Cic.
760 3922 788 3964 de
799 3920 870 3966 offic.
885 3922 908 3966 1.
920 3937 943 3979 p.
957 3923 1017 3970 226·
1037 3928 1135 3980 „Poeta
1154 3933 1219 3978 diest
1240 3938 1340 3985 falcem

194 3992 293 4043 atrium,
325 3995 351 4033 ut
375 3990 558 4035 instrumentum
582 3992 687 4053 militare
712 3990 801 4047 (quidni
822 3991 901 4046 potius
919 3995 1067 4054 rusticumi)
1092 3999 1115 4043 in
1135 4002 1340 4054 desuetudinem

194 4059 297 4111 abiisse,
324 4060 352 4102 sd
372 4073 428 4103 usus
448 4061 554 4118 irrugiens
573 4060 613 4113 (ad
631 4061 775 4103 desecandae
794 4061 848 4103 scil.
868 4060 956 4107 herhas
983 4066 1077 4119 philtris
1102 4076 1126 4114 et
1148 4072 1340 4123 incantationi-

195 4126 239 4171 bus
257 4127 366 4185 idonees)
385 4142 535 4173 conversam.
563 4129 623 4172 ilinc
642 4130 729 4182 pendet
745 4128 829 4172 Horat.
843 4130 920 4184 Epod.
937 4130 967 4186 5,
983 4133 1024 4180 98.
1046 4137 1089 4180 uhi
1100 4139 1250 4188 obscoenae
1264 4163 1341 4193 anus

195 4201 250 4241 sunt
262 4197 380 4243 veneficae
393 4195 515 4256 (sagam
534 4198 607 4240 Wnk.
646 4194 721 4242 1295.
743 4195 853 4255 creperi]
868 4199 893 4242 ln
907 4200 952 4249 Cd.
962 4203 991 4246 E.
1006 4219 1130 4260 superscr.
1143 4212 1229 4267 gloss.
1247 4215 1330 4262 duest

197 4262 273 4310 1296.
292 4273 436 4324 reppertum
450 4267 481 4314 L.
494 4271 577 4311 contu
591 4265 651 4311 Cdd.
665 4271 736 4310 notos
744 4297 752 4321 ‚
775 4267 846 4311 etiarn
857 4267 886 4312 (l.
900 4269 930 4316 E.
970 4271 1046 4322 1297.
1066 4277 1132 4322 viere
1149 4279 1189 4324 Pii
1207 4283 1283 4334 Cdel.
1307 4310 1339 4321 -
