2736 4748
16 338 125 399 Verba
147 335 242 398 animi
263 333 414 417 prolerre
438 343 469 395 et
491 331 589 395 vitam
610 332 795 414 impendere
820 352 911 395 vero.

17 441 67 504 Sic
88 439 200 502 multas
223 437 344 504 hiemes
366 448 461 520 atque
485 434 686 519 octogesima
708 434 788 498 vidit

16 540 172 617 Solstitia,
195 540 244 603 bis
268 538 361 602 armis
382 538 436 600 illa
459 558 589 622 quoque
610 547 698 600 tutus
720 537 751 600 in
775 539 859 601 aula.

17 643 189 708 Proximus
212 642 352 705 eiusdem
375 641 573 722 properabat
595 639 720 703 Acilius
743 640 815 703 aevi

18 745 95 810 Cum
118 745 258 820 iuvene,
280 743 432 827 indigno,
458 763 552 827 qrrem
575 763 662 806 mors
683 755 747 804 tam
770 764 864 807 saera
889 752 1030 806 maneret
1095 741 1135 805 95

16 850 55 910 Et
76 846 199 911 domini
220 845 333 930 gladiis
355 858 417 908 tam
440 844 610 908 festinata:
635 847 691 908 sed
714 844 790 908 olim

16 948 174 1032 Prodigio
198 969 258 1030 par
278 959 326 1010 est
347 946 378 1009 in
401 946 568 1010 nobilitate
590 958 759 1022 senectus;

16 1053 104 1114 Unde
128 1051 188 1127 fit,
211 1048 373 1113 utmalim
397 1049 588 1112 fraterculus
605 1070 680 1129 ,csse
703 1049 881 1133 gigantum.

15 1152 144 1218 Profuit
166 1173 247 1236 ergo
270 1150 348 1214 nibil
370 1150 506 1225 misero,
531 1154 620 1234 quod
641 1151 784 1215 cominus
807 1173 902 1215 ursos

15 1255 151 1339 Figebat
174 1253 351 1329 Numidas,
371 1253 498 1316 Albana
520 1254 623 1315 nudus
646 1274 740 1317 arena
1075 1255 1137 1316 100

15 1356 177 1419 Venator.
224 1354 304 1436 Quis
326 1357 407 1417 enim
430 1355 492 1416 iam
514 1375 579 1417 non
601 1353 759 1438 intelligat
781 1367 865 1419 artes

16 1456 199 1523 Patriciae?
221 1457 293 1540 quis
314 1457 453 1539 priscum
476 1456 553 1519 illud
577 1457 711 1519 miratur
733 1479 882 1532 acumen,

16 1561 134 1637 Brute,
159 1559 273 1622 tuum?
295 1559 403 1623 Facile
426 1571 474 1622 est
496 1562 633 1622 barbato
655 1560 821 1641 imponere
843 1560 927 1643 regi.

15 1663 83 1725 Nec
107 1661 223 1726 melior
247 1662 355 1738 voltu,
382 1655 525 1745 quamuis
547 1662 718 1746 ignobilis,
742 1661 811 1724 ibat
891 1670 894 1675 “

15 1763 175 1839 Rubrius,
201 1765 341 1827 offensae
366 1762 481 1826 veteris
504 1786 578 1827 reus
600 1777 696 1848 atque
719 1768 888 1839 tacendae,
1078 1764 1137 1827 105

15 1867 58 1928 Et
79 1879 186 1929 tamen
207 1865 388 1948 improbior
410 1865 536 1928 satiram
560 1865 720 1929 scribente
742 1866 887 1931 cinaedo.

15 1968 167 2030 Montani
189 1988 319 2052 qumque
341 1979 453 2030 venter
475 1970 563 2030 adest
585 1967 752 2031 abdomine
773 1970 883 2030 tardus

15 2070 57 2132 Et
79 2069 235 2132 matutino
258 2072 372 2132 sudans
396 2068 564 2150 Crispinus
587 2090 734 2143 amomo,

15 2172 178 2251 (tarantum
199 2170 256 2235 vix
277 2172 425 2234 redolent
447 2174 510 2235 diro
533 2170 658 2233 funera.
705 2172 842 2235 Saevior
868 2172 925 2235 illo

13 2273 191 2356 Pompeius
213 2273 302 2336 tenni
322 2273 449 2358 iugulos
472 2273 596 2354 aperire
619 2295 776 2337 susurro:
1078 2275 1139 2337 110

14 2375 57 2437 Et
80 2375 136 2459 qui
160 2375 341 2438 volturibus
363 2377 512 2437 servabat
535 2376 659 2439 viscera
681 2377 778 2440 Dacis

15 2592 61 2649 67,
84 2591 128 2638 13.
182 2592 224 2640 96.
242 2595 294 2638 inm
315 2593 443 2639 destinata
463 2596 573 2641 Universi
592 2598 639 2641 mei
658 2602 682 2640 et
700 2598 789 2641 tantum
809 2611 855 2641 non
874 2611 957 2643 ornnes
976 2598 1036 2642 eda.
1057 2602 1140 2642 eontra

14 2670 128 2708 metrum.
196 2664 267 2708 Meus
291 2669 369 2708 11111111
396 2664 445 2711 C.:
478 2665 530 2708 inm
541 2662 669 2724 fistincta
687 2680 701 2708 a
720 2680 769 2711 sec.
789 2680 869 2710 rnauu.
903 2688 932 2698 -
952 2672 1003 2710 tum
1013 2663 1142 2725 festinata

13 2733 100 2788 Lipsio
120 2732 231 2776 debetur.
280 2732 346 2776 ldem
372 2734 436 2777 coni.
466 2735 538 2778 etiarn
556 2735 608 2778 iam
626 2734 778 2794 designata3
810 2737 871 2792 quod
891 2738 968 2790 ipsum
987 2739 1142 2790 praeceperat

12 2802 78 2846 ttob.
99 2801 184 2855 Stepb.
205 2803 229 2845 in
247 2800 292 2845 Ed.
315 2799 390 2846 1519.
439 2800 481 2849 97.
501 2803 529 2846 in
549 2803 606 2847 nob.
634 2803 723 2848 Omnes
742 2804 798 2848 mei,
836 2804 897 2847 Ante
925 2804 1047 2850 Achaiutr.
1071 2806 1141 2861 vulgo

14 2872 120 2916 edebant
138 2883 195 2912 cum
214 2868 270 2913 nob.
309 2867 350 2915 98.
369 2871 522 2930 gigantum,
554 2886 625 2929 quam
644 2874 698 2916 lect.
722 2872 842 2917 Webrrns
861 2886 908 2916 non
934 2874 993 2917 satis
1022 2873 1141 2916 librorum

13 2939 162 2985 auctoritate
177 2938 298 2983 defensam
311 2941 403 2994 credit,
423 2940 510 2984 babent
522 2946 599 2985 tamen
613 2942 820 2993 merulanum„
841 2945 907 2986 solus
925 2942 955 2990 E.
969 2954 1028 2997 1,-
1046 2942 1142 3001 gigun-

13 3011 61 3065 111,
91 3009 158 3064 quod
175 3009 340 3063 praetulerunt
356 3009 418 3065 Rup.
439 3009 514 3054 Webj
535 3031 564 3042 -
584 3008 739 3070 Gigantum,
771 3011 966 3069 terrigenarum,
998 3011 1142 3053 fraterculus

13 3084 50 3123 est
70 3083 162 3122 terrae
180 3075 257 3138 filins
281 3077 427 3136 (progenies
454 3085 538 3122 terroe
568 3080 640 3124 Pers.
668 3077 696 3132 6,
733 3078 786 3134 17.)
815 3093 836 3122 s.
862 3079 933 3123 bomo
956 3079 1088 3131 obscurus,
1118 3083 1143 3120 ut

12 3146 129 3205 Neptuni
151 3143 221 3208 filius
242 3146 314 3190 homo
332 3149 435 3205 agrestis
454 3153 478 3193 et
496 3150 652 3193 truculentus.
673 3149 734 3202 Rup.
755 3154 881 3202 praeterea
905 3148 988 3191 coni:
1010 3170 1042 3180 —
1055 3152 1081 3190 ut
1099 3160 1142 3190 no·

11 3218 56 3261 lim
68 3211 117 3275 fr.
137 3229 194 3259 sess
212 3216 345 3275 gigantis,
365 3218 455 3270 idest,
475 3218 498 3261 si
516 3219 561 3262 diis
576 3216 666 3273 placet,
689 3218 801 3260 Caesaris
821 3218 920 3259 amicus.
957 3213 1141 3269 Fraterculum,

10 3289 35 3330 in
54 3299 108 3344 qno
127 3286 169 3329 ille
187 3285 279 3339 haesit,
310 3287 386 3340 lepide
408 3301 433 3330 se
454 3288 529 3341 dicit,
559 3292 641 3344 utpote
662 3287 702 3344 qui
731 3292 784 3330 curn
810 3285 946 3343 gigantibus
971 3290 1142 3339 eorrrparatos,

11 3357 57 3401 etsi
94 3355 180 3398 eadem
211 3359 276 3399 terra
309 3362 392 3409 ortus,
426 3357 526 3410 pumilio
556 3362 635 3400 tameo
668 3357 715 3409 sit,
747 3346 808 3404 οἷοι
837 3350 892 3403 νῦν
921 3352 1027 3423 βροτοί
1056 3353 1141 3402 εἰσιν.

13 3421 74 3471 100.
97 3422 199 3467 Athana
217 3449 227 3459 ·
245 3450 262 3461 -
279 3423 369 3483 arenul
387 3425 434 3478 „ln
450 3424 545 3469 lusorio
565 3424 594 3482 (i.
614 3440 637 3470 e.
657 3424 840 3481 amphitheatro)
860 3424 974 3468 Caesaris
991 3424 1084 3468 iuvenis
1097 3424 1147 3466 iste

12 3506 88 3538 ursos
113 3505 200 3546 saepe,
229 3494 297 3549 111111
313 3499 413 3539 venator
432 3495 516 3550 (immo
535 3494 665 3539 bestiarius
678 3494 698 3548 2)
717 3494 829 3538 occidit.’'
848 3493 928 3537 Schot.
969 3489 1144 3536 1021111111-

10 3570 56 3623 gat
75 3588 94 3599 -
113 3587 124 3596 -
142 3564 252 3605 miratur
271 3563 379 3620 Quinque
396 3564 444 3608 mei
463 3567 558 3618 praeter
569 3565 597 3607 F.
610 3564 663 3620 qui:
685 3564 814 3622 inteiligit.
829 3563 861 3606 Ut
875 3576 919 3605 nes
932 3561 1006 3604 Web.
1018 3561 1141 3614 -Rupa

11 3631 148 3688 intelligar
165 3654 175 3665 ·
194 3655 204 3665 ·
222 3631 338 3676 miretur.
389 3630 448 3678 105.
476 3631 596 3677 utentum
627 3630 729 3676 Gallum
754 3630 884 3690 significari
910 3634 999 3685 putant.
1032 3643 1055 3672 v.
1083 3630 1142 3673 Tac.

11 3702 79 3745 llist.
106 3697 132 3751 2,
155 3697 263 3752 51,99.1
296 3702 418 3756 „Frustra
441 3704 465 3746 iu
485 3703 522 3745 his
550 3702 697 3756 divinamus,
727 3702 765 3745 ubi
787 3701 888 3744 historia
907 3701 976 3752 silet,
1009 3696 1147 3743 et'schotia

11 3773 45 3814 111
61 3768 129 3814 certi
145 3766 286 3814 definiunt.¹'
315 3771 412 3815 Marrso.
450 3772 514 3815 Satis
533 3771 691 3826 probabiliter
714 3775 791 3813 tamen
816 3770 917 3816 Sebol.:
952 3769 1077 3822 „Rubrius
1099 3770 1148 3812 iste·

10 3837 149 3896 aliqnando
173 3836 274 3891 lutiam,
307 3839 356 3883 Τ111
374 3838 462 3894 filiam,
493 3845 549 3885 tunc
571 3841 701 3884 Domitiani
720 3852 820 3889 uxorem
841 3841 864 3883 in
883 3839 986 3895 pueritia
1004 3840 1147 3893 corruperat

12 3915 36 3953 et
57 3905 207 3959 verebatur,
236 3920 266 3951 nc
285 3920 329 3962 pro
351 3909 395 3953 hac
417 3912 528 3954 mercede
553 3923 642 3965 poenas
662 3908 691 3951 ab
717 3909 770 3961 ipso
790 3909 956 3963 reposceret.”
1006 3905 1063 3951 107.
1084 3901 1148 3947 Crer-

11 3978 66 4021 tins
90 3972 241 4029 Montanus,
264 3978 292 4020 de
311 3991 357 4034 quo
376 3991 399 4022 v.
420 3980 479 4024 Tar.
499 3980 563 4023 111.
586 3976 625 4031 16,
647 3973 689 4030 21,
711 3973 753 4021 33.
774 3977 837 4023 ilist.
858 3977 888 4033 1,
910 3974 952 4022 10.
991 3972 1050 4020 110.
1070 3972 1150 4016 rona<

11 4046 91 4103 peius
113 4043 154 4100 qni
179 4043 271 4099 fuerit,
300 4047 436 4105 ignoratur.
490 4046 548 4092 111.
568 4043 699 4091 Cornelius
721 4045 818 4091 Fuscus
842 4047 978 4104 praelectus
1004 4042 1142 4098 praetorio,

12 4116 55 4172 qui
79 4126 94 4156 a
112 4113 254 4158 Dounitiano
280 4117 396 4160 adversus
419 4117 499 4159 Dacos
524 4116 611 4159 missus
633 4130 718 4176 magna
737 4122 833 4172 accepta
852 4117 919 4160 clade
939 4112 1019 4168 periit.
1039 4124 1062 4152 v·
1083 4109 1142 4151 Ταῦ·

13 4187 85 4229 Anu.
104 4181 148 4236 11,
169 4181 210 4229 11.
249 4184 280 4227 Η.
302 4182 332 4239 2,
353 4183 395 4229 86.
415 4186 522 4228 Martial.
545 4183 577 4239 6,
600 4184 640 4230 76.
