2762 4760
34 372 110 456 Quid
125 382 281 457 nequeat3
303 369 391 434 linita
411 380 553 453 potestas
572 368 709 454 denique
730 370 871 456 quoique

33 477 162 558 Quanam
185 474 227 538 sit
248 474 374 538 ratione
396 485 492 559 atque
516 473 579 537 alte
601 472 753 538 terminus
775 475 923 537 haerens.

89 580 184 660 Quod
205 587 368 659 superest,
389 586 478 639 nete
500 575 533 639 in
555 575 726 660 promissis
746 575 839 658 plura
859 595 1040 649 moremur,

33 678 191 762 Principio
214 678 314 741 maria
338 701 376 742 ae
397 690 502 743 terras
527 679 711 764 caelumque
735 689 843 743 tuere:

33 784 169 865 Quorum
187 793 331 844 naturam
353 779 529 864 triplicem,
553 780 616 845 tria
639 802 799 863 corpora,
823 777 976 855 Memmi,

33 884 118 948 Treis
139 882 265 966 species
285 894 348 946 tam
368 882 565 960 dissimileis,
588 882 651 947 tria
672 882 748 946 talia
766 893 871 958 texta,
1100 881 1141 945 95

32 989 95 1050 Una
118 985 186 1049 dies
208 984 296 1049 dabit
318 983 420 1049 exitio
452 985 631 1071 multosque
653 1007 712 1069 per
734 1006 835 1049 annos

35 1090 205 1152 Sustentata
224 1099 295 1153 ruet
317 1087 418 1152 moles
439 1099 470 1151 et
491 1088 638 1151 machina
663 1087 782 1151 mnndi.

78 1184 156 1254 'Neo
180 1211 229 1253 me
249 1188 344 1253 animi
362 1188 464 1267 fallit,
488 1212 581 1275 quam
605 1211 657 1254 res
680 1212 766 1255 nova
786 1189 930 1276 miraque
952 1186 1048 1254 menti

32 1291 178 1368 Aecidat‚
201 1290 333 1355 exitium
353 1292 433 1356 caeli
453 1304 622 1377 terraeque
642 1292 803 1368 futurum3

32 1395 72 1458 Et
88 1416 180 1479 quam
201 1393 327 1458 difficile
342 1393 378 1457 id
400 1394 476 1457 mihi
496 1393 537 1458 sit
557 1394 748 1478 pervincere
768 1393 881 1459 dictis:
1084 1394 1145 1456 100
1192 1426 1196 1434 ·

32 1497 73 1560 Ut
90 1498 145 1573 fit,
169 1495 226 1560 ubi
247 1496 408 1560 insolitam
428 1519 494 1561 rem
518 1509 671 1580 apportes
693 1497 822 1561 auribus
841 1509 913 1562 ante

31 1601 98 1662 Nee
114 1611 219 1662 tamen
241 1601 324 1664 hano
345 1599 452 1682 possis
468 1590 637 1664 oculorum
660 1600 796 1666 subdere
816 1600 887 1664 visu

31 1704 97 1766 Nee
116 1702 224 1766 iacere
246 1701 323 1765 indu
342 1723 467 1778 manus,
490 1702 544 1766 via
567 1725 629 1789 qua
653 1702 771 1766 munita
792 1702 869 1766 fidei

32 1804 192 1868 Proxuma
214 1804 281 1868 fert
300 1806 469 1867 humanum
491 1804 523 1867 in
544 1817 657 1887 pectus
678 1805 860 1891 templaque
882 1803 1007 1869 mentis.

31 1906 91 1969 Sed
109 1917 214 1970 tamen
235 1908 383 1971 effabor:
409 1906 502 1970 dictis
523 1906 611 1971 dabit
630 1907 701 1989 ipsa
722 1908 818 1970 fidem
840 1927 893 1970 res
1084 1906 1144 1970 105

30 2008 174 2071 Forsitan
197 2019 229 2071 et
247 2008 393 2093 graviter
411 2020 570 2074 terrarum
594 2009 734 2073 motibus
757 2007 839 2073 ortis

31 2109 143 2174 Omnia
165 2111 375 2196 conquassari
395 2110 429 2174 in
449 2133 553 2194 parvo
576 2123 724 2194 tempore
747 2132 879 2176 cernes:

30 2212 123 2292 Quod
143 2213 263 2295 procul
286 2213 416 2277 anobis
436 2214 545 2277 flectat
567 2215 714 2278 Fortuna
737 2216 936 2298 gubernans3

29 2315 70 2376 Et
90 2315 176 2379 ratio
200 2313 421 2400 potiusquam
443 2296 495 2379 res
514 2319 704 2398 persuadeat
723 2315 830 2398 ipsa,

28 2416 200 2481 Sueridere
223 2415 399 2482 horrisono
420 2439 515 2500 posse
540 2417 646 2483 omnia
667 2417 753 2482 vieta
772 2418 920 2502 fragore.
1084 2421 1146 2482 110

87 2518 161 2599 Qua
184 2518 277 2600 prius
297 2517 472 2603 aggrediar
493 2524 646 2605 quamde
668 2543 704 2585 re
725 2521 858 2584 fundere
878 2519 944 2583 sata

26 2619 174 2684 Sanctius
196 2632 228 2683 et
247 2620 347 2684 multo
368 2632 455 2684 certa
477 2622 604 2687 ratione
625 2622 727 2708 magis
749 2646 843 2709 quam

25 2722 162 2803 Pythia,
187 2744 269 2808 quae
290 2721 420 2807 tripode
440 2746 457 2787 e
476 2724 607 2789 Phoebi
628 2726 785 2811 lauroque
808 2726 976 2809 profatur,

24 2825 131 2889 Multa
153 2824 215 2888 tibi
237 2825 406 2909 expediam
427 2826 533 2890 doctis
554 2827 668 2891 solatia
686 2827 801 2905 dictis:

24 2927 203 3012 Religione
224 2927 404 2991 refrenatus
423 2950 462 2992 ne
483 2929 571 2994 sorte
592 2930 696 2994 rearis
964 2910 970 2921 .
1083 2933 1145 2997 115

26 3033 147 3093 Terras
171 3041 205 3094 et
226 3031 345 3107 solem,
369 3033 505 3109 eaelum,
530 3055 633 3110 mare,
656 3033 778 3111 sidera,
801 3036 908 3097 lunam

25 3131 183 3216 Corpore
207 3132 317 3197 divino
340 3136 456 3198 debere
479 3145 606 3199 aeterna
627 3157 750 3212 meare;

23 3235 276 3321 Proptereaque
298 3224 392 3318 putes
411 3235 477 3300 ritu
492 3260 558 3319 par
580 3259 648 3301 esse
671 3239 844 3321 Gigantum

23 3338 176 3403 Pendere
200 3359 256 3403 eos
278 3360 400 3421 poenas
423 3337 551 3403 immani
573 3341 636 3422 pro
657 3340 778 3403 scelere
803 3338 943 3416 omneis,

24 3439 107 3522 Quei
129 3439 260 3504 ratione
280 3462 335 3503 sua
355 3440 534 3506 disturbent
558 3441 684 3519 moenia
706 3443 814 3507 mundi
1088 3444 1149 3507 120

22 3543 304 3628 praeclarumque
326 3542 424 3606 velint
445 3543 526 3607 caeli
544 3542 744 3629 restinguere
765 3545 884 3620 solem,

21 3643 231 3710 Immortalia
254 3644 384 3709 mortali
400 3668 548 3710 sermone
570 3657 730 3710 notantes.

20 3805 154 3871 ἐφικτὸν
182 3802 354 3878 ἡμέτέροις,
385 3803 508 3881 ἢχερσὶ
525 3808 641 3873 λαβεῖν,
671 3802 745 3876 ἤπερ
763 3822 795 3860 τε
811 3810 939 3877 μεγίστη
957 3809 1079 3876 πειθοῦς
1096 3808 1152 3864 ἅν-

19 3877 196 3949 &patruum
214 3872 363 3942 ἁμαξιτὸς
379 3879 421 3941 εἰς
433 3880 529 3950 φρένα
547 3880 652 3929 πίπτει.
689 3876 747 3924 106.
768 3883 841 3926 wat.
855 3883 977 3929 distinxit:
998 3887 1150 3943 reguariter

20 3955 157 3992 terrarum
167 3980 174 4002 ‚
195 3948 302 3995 motibus
320 3950 398 4003 ortis,
419 3948 510 3994 Omnia
528 3949 710 4008 conquassari,
737 3955 762 3995 ut
780 3954 927 3996 contuuetio
943 3958 1022 3998 esset:
1042 3953 1150 3997 motibus

19 4019 86 4063 artie
105 4020 284 4076 conquaeror·
300 4020 386 4065 omnia
404 4024 548 4072 terrorum
576 4020 617 4064 sed
642 4023 665 4064 et
682 4019 800 4066 Latinitas
818 4023 869 4077 ipsa
889 4027 914 4067 et
932 4022 1003 4066 totius
1022 4023 1069 4065 loci
1087 4023 1150 4065 ratio

20 4089 66 4133 boe
85 4088 215 4144 postulat:
236 4094 260 4133 et
276 4089 362 4134 omnia
380 4088 549 4148 conquassari
566 4088 630 4133 ortis
647 4088 774 4134 terrarum'
792 4091 909 4139 motibus.
937 4091 1002 4134 Male
1018 4090 1047 4133 C.
1067 4089 1097 4133 1..
1119 4091 1150 4137 H.

20 4157 93 4202 orbis
113 4171 164 4212 pro
182 4157 257 4203 ortis.
304 4156 363 4206 108.
383 4163 476 4202 notura
494 4157 641 4218 gubernans
657 4159 686 4204 C.
706 4173 760 4204 enm
778 4161 832 4206 eliis
850 4160 911 4205 Cdd.
931 4159 1012 4215 „quod
1031 4172 1044 4201 e
1062 4171 1085 4202 v.
1107 4156 1150 4203 te.

19 4228 66 4272 buc
84 4225 238 4271 translatum
256 4229 319 4272 est.”
336 4227 412 4273 Forb.
451 4224 509 4272 113.
529 4244 546 4274 u
564 4229 592 4273 C.
604 4228 665 4273 Edd.
677 4234 735 4276 vett.
746 4231 790 4274 W.
810 4231 856 4275 Sed
869 4244 882 4273 ο
894 4230 939 4274 At.
950 4228 981 4272 it.
994 4226 1087 4272 Eichst.
1098 4227 1151 4272 Cir.

19 4296 77 4341 Lib.
95 4293 130 4350 1,
147 4290 209 4340 710.
249 4293 309 4343 117.
328 4311 430 4342 munere
442 4296 473 4344 L.
486 4297 517 4348 tt.
535 4304 618 4344 eontra
630 4299 690 4344 Cdd.
699 4331 707 4355 ‚
726 4299 799 4344 etiam
814 4298 844 4344 G.
857 4298 889 4343 E.

72 4378 174 4432 netega·
188 4377 245 4419 rou.
260 4378 304 4421 Lat.
624 4432 630 4437 ·
881 4379 902 4438 4
