2772 4750
33 373 129 452 Quam
150 368 307 434 muliebre
328 388 447 452 genus;
470 388 543 431 nam
566 367 663 452 longe
686 367 880 450 praestatio
902 379 970 433 arte

33 476 73 536 Et
90 473 254 537 sollertius
270 482 318 535 est
339 470 440 537 multo
463 477 564 555 gentis
577 491 679 534 ‘omne
702 470 816 535 virile:

33 573 207 659 Agricolae
229 577 332 637 donec
355 571 437 635 vitio
461 583 593 637 vortere
611 575 757 648 severei,

33 679 72 741 Ut
92 673 304 739 muliebribus
327 673 362 737 id
385 673 528 737 manibus
552 677 731 738 concedere
754 676 873 739 vellent

33 780 134 863 Atque
159 776 241 860 ipsei
264 776 387 859 pariter
409 779 522 839 durum
545 778 680 841 sufferre
702 778 863 853 laborem,

34 883 136 965 Atque
157 901 258 962 opere
278 879 413 942 induro
437 882 589 942 durarent
610 882 753 943 membra
772 901 956 965 manusque.

89 985 136 1046 At
159 979 320 1064 specimen
335 964 476 1045 ¹sationis
497 970 529 1043 et
548 980 709 1046 insitionis
733 981 831 1066 origo

34 1085 102 1165 lpsa
124 1082 187 1146 suit
211 1103 318 1145 rerum
340 1080 479 1163 primum
502 1083 626 1145 Natura
648 1082 808 1147 creatrix:

34 1182 217 1248 Arboribus
239 1181 389 1268 quoniam
411 1185 511 1246 bacae
532 1184 726 1270 glandesque
747 1190 885 1249 caducae

35 1289 236 1371 Tempestiva
257 1291 374 1351 dabant
396 1286 559 1369 pullorum
583 1288 728 1351 examina
747 1292 875 1363 subter,

36 1393 120 1455 Unde
143 1390 237 1454 etiam
259 1388 415 1452 libitumst
439 1388 567 1471 stirpeis
588 1386 788 1455 committere
809 1390 906 1454 ramis

34 1493 73 1554 Et
94 1513 181 1556 nora
205 1492 358 1555 defodere
381 1490 556 1554 interram
579 1491 721 1577 virgulta
740 1515 800 1575 per
823 1514 935 1577 agros.

90 1596 171 1656 Inde
195 1592 287 1655 aliam
313 1604 407 1678 atque
430 1592 523 1656 aliam
544 1594 701 1657 culturam
724 1595 825 1659 dulcis
847 1594 944 1679 agelli

34 1698 228 1769 Teutabant;
251 1695 440 1779 fructusque
462 1696 552 1760 feros
574 1718 794 1777 mansuescere
816 1709 903 1760 terra

33 1796 214 1860 Cernebant
235 1796 431 1879 indulgendo
455 1797 634 1882 blandeque
654 1800 808 1864 colundo.

32 1899 130 1982 Inque
151 1897 218 1961 dies
239 1897 340 1980 magis
360 1898 393 1961 iu
416 1911 555 1963 montem
574 1904 746 1965 succedere
764 1902 896 1965 silvas·

32 1999 203 2084 Cogebant
224 1999 373 2084 infraque
393 2001 502 2064 locum
526 2005 705 2066 concedere
728 2002 844 2067 cultis:

30 2102 145 2177 Prata,
168 2101 275 2176 lacus,
297 2100 406 2177 rivos,
430 2113 555 2186 segetes
577 2102 747 2190 vinetaque
770 2105 851 2168 laeta

30 2203 179 2267 Collibus
203 2214 234 2266 et
257 2202 435 2284 campis‘ut
454 2206 610 2268 baberent
632 2218 727 2291 atque
751 2208 894 2271 olearum

29 2304 170 2369 Caerula
191 2303 387 2389 distinguens
407 2305 491 2369 iuter
511 2307 607 2389 plaga
630 2330 762 2372 currere
785 2320 895 2392 posset

29 2409 98 2471 Per
119 2407 256 2470 tumulos
277 2417 309 2470 et
330 2408 507 2471 convalleis
531 2430 725 2493 camposque
746 2411 902 2492 profusa:

29 2510 75 2572 Ut
98 2530 179 2571 nuuc
199 2530 267 2572 esse
290 2508 380 2572 vides
401 2509 493 2574 vario
518 2508 667 2573 distincta
688 2512 802 2594 lepore

31 2609 164 2687 Omnia,
188 2632 269 2695 quae
291 2610 397 2693 pomis
419 2611 564 2675 intersita
586 2612 732 2676 dulcibus
751 2627 866 2678 ornant

28 2711 245 2796 Arbustisque
266 2725 373 2776 tenent
391 2713 540 2777 felicibus
564 2714 668 2778 obsita
691 2715 827 2779 circum.

93 2817 139 2878 At
159 2813 298 2900 liquidas
320 2815 425 2878 avium
447 2837 547 2880 voces
569 2816 725 2880 imitarier
745 2839 803 2882 ore

28 2918 116 2982 Ante
137 2918 199 2982 suit
220 2918 338 2996 multo,
362 2939 456 3003 quam
477 2918 562 2982 levia
585 2918 724 2984 carmina
748 2930 841 2985 cantu

27 3177 140 3222 Latinum
170 3190 218 3221 non
246 3191 299 3221 esse
331 3180 457 3224 contendo.
514 3175 589 3224 1350.
617 3185 745 3237 parentur
770 3179 799 3223 C.
831 3177 893 3230 (nou
914 3178 954 3233 Ε.)
975 3179 1044 3223 Brix.
1064 3180 1093 3224 L.
1117 3181 1147 3224 tl.

30 3244 107 3294 1352.
128 3260 151 3290 v.
166 3247 278 3290 scalena.
292 3247 345 3292 tra.
362 3249 459 3302 Scripta
475 3247 506 3293 n.
517 3248 547 3293 n.
558 3262 582 3304 p.
596 3244 642 3294 371
656 3254 680 3293 a
690 3246 748 3293 37⁶.
769 3249 859 3292 ansatas
876 3242 1015 3309 κανόνες,
1030 3241 1148 3309 ἀντίον,

28 3317 175 3360 liciatorium
194 3317 337 3374 Vulgatae,
353 3317 443 3373 lignum
462 3319 485 3360 iu
504 3332 550 3375 quo
569 3319 649 3362 licium
668 3315 816 3372 (Gascdr'rr)
834 3318 963 3361 involvitur
981 3319 1005 3361 tn
1025 3319 1072 3362 tela
1090 3333 1148 3374 peo-

27 3386 85 3429 clula
103 3399 125 3429 s.
145 3386 238 3442 iugali,
267 3385 404 3429 insubulum
428 3389 452 3431 iu
475 3389 524 3431 teta
542 3389 612 3442 plana
630 3401 669 3442 ap.
693 3387 814 3430 lsidorum
834 3385 880 3440 19,
901 3384 943 3432 29.
963 3388 1054 3431 arundo
1076 3389 1148 3433 Ovid.

27 3455 89 3498 Met.
101 3453 130 3507 6,
145 3451 188 3505 51,
209 3453 297 3498 radius
305 3455 355 3498 ital.
364 3457 450 3513 apoto,
468 3453 706 3517 l'lfebersclriffelten.
721 3480 753 3489 —
767 3456 847 3511 scopi,
860 3456 920 3500 unde
931 3463 1040 3501 nostrum
1049 3454 1147 3519 Sclost,

26 3525 93 3567 idem
105 3524 157 3569 fere
176 3526 239 3583 quod
257 3525 317 3578 apud
336 3526 398 3569 altos
412 3530 515 3583 pecten,
538 3524 712 3579 Weberlode.,
734 3538 755 3569 s.
775 3527 853 3580 potius
872 3538 901 3569 ea
919 3527 970 3569 eius
988 3540 1058 3582 pars,
1078 3541 1149 3585 quam

27 3598 117 3636 vocant
131 3592 294 3637 Weberblett.
333 3591 408 3639 1358,
429 3595 481 3651 ipsi
495 3595 579 3651 potius
598 3595 627 3639 L.
642 3596 671 3638 tl.
692 3594 808 3649 Explica:
829 3593 976 3653 „Agricolae
993 3598 1071 3641 severi
1089 3598 1149 3642 sitio

26 3667 168 3719 verterunt,
188 3663 367 3717 exprobrarunt
384 3664 407 3707 id
425 3665 513 3709 ceteris
531 3664 609 3718 viris,
635 3665 674 3721 qui
694 3662 797 3708 lanificio
817 3665 944 3708 etiamtunc
962 3665 1046 3709 intenti
1065 3672 1148 3724 erant3

23 3745 73 3784 nec
91 3732 142 3775 sine
161 3729 306 3777 contumatia
325 3746 367 3777 eos
385 3733 557 3787 hortabantur,
577 3732 711 3777 lanificium·
724 3733 868 3776 mulieribus
888 3738 914 3776 ut
931 3735 1080 3781 committere
1100 3738 1148 3781 ret-

25 3802 79 3844 tent
96 3801 191 3858 ipsique
211 3802 302 3857 pariter
320 3802 455 3860 (peraeque
473 3808 543 3860 atque
562 3802 612 3856 illi,
633 3804 671 3859 qui
690 3803 826 3867 iamdudum
839 3815 898 3860 agro
911 3805 1012 3848 colendo
1025 3806 1149 3860 vacabant)
1207 3854 1209 3859 Α

23 3870 116 3913 durum
133 3871 179 3915 boc
198 3872 315 3915 rusticum
333 3886 393 3928 opus
411 3870 551 3928 susciper03
572 3877 644 3930 utque
662 3871 704 3929 (an
723 3873 758 3915 sic
777 3873 825 3930 leg.
845 3885 889 3927 pro
907 3875 985 3917 altero
1004 3875 1108 3934 estquod)
1125 3877 1149 3919 iu

23 3953 102 3994 opere
128 3942 190 3984 duro
217 3943 332 3984 durarent
354 3942 489 3986 rnembra.”
544 3937 619 3986 1363.
643 3942 771 3998 pullorum
789 3940 922 4000 examino]
940 3942 1059 3988 Audacius
1077 3947 1150 3989 etiam

23 4008 114 4064 Eurip.
131 4010 219 4057 Baceb.
236 4007 294 4055 109.
313 4005 463 4074 γάλακτος
479 4004 593 4074 ἑσμούς
610 4011 682 4065 dixit,
712 4013 752 4055 ubi
770 4013 823 4056 ride
841 4011 958 4065 Elmsley.
985 4030 988 4037 ’
1013 4009 1090 4057 1370.
1110 4013 1149 4055 irt-

23 4073 118 4136 (ioque
135 4093 211 4125 edum
229 4081 290 4125 Ver.
305 4081 367 4129 Van.
384 4081 455 4126 hinc:
475 4081 495 4125 i.
514 4081 590 4126 eitum
608 4082 652 4129 Ar.
666 4082 713 4136 Ρ.,
732 4083 795 4139 quud
810 4081 902 4135 recepit
913 4081 956 4129 W.
974 4082 1150 4124 Auctoritatem

23 4147 123 4205 codd„
148 4151 221 4194 etiam
242 4149 271 4195 C.
292 4150 322 4198 Ε.
339 4152 409 4195 Brix.
424 4150 454 4199 L.
474 4151 503 4194 tl.
518 4152 584 4209 sequi
600 4152 728 4196 maluimus
750 4164 820 4207 quam
841 4150 937 4193 Arancii
962 4152 1148 4194 correctionem.

24 4213 107 4263 1377.
127 4219 253 4277 aristoph.
267 4219 373 4269 Achaea.
390 4217 448 4267 998.
463 4219 548 4267 Etrnsl.
568 4219 620 4270 καὶ
637 4220 704 4291 περὶ
720 4215 755 4268 τὸ
774 4219 883 4289 χωρίον
901 4211 980 4266 ἅπαν
998 4212 1025 4281 γ’
1043 4214 1151 4286 ἐλᾷδας
1243 4229 1246 4233 ·

23 4281 137 4356 κύκλῳ.
955 4305 959 4311 ’
1128 4293 1130 4296 ’
