2762 4760
46 293 140 373 Quid
161 293 224 358 sibi
243 292 378 378 quisque
399 292 494 368 velit,
509 291 634 357 nescire
655 303 687 357 et
705 312 861 377 quaerere
886 313 1029 376 semper,

47 395 261 459 Commutare
277 396 404 470 locum,
428 393 519 480 quasi
541 416 622 458 onus
641 397 803 476 deponere
825 393 941 476 possit.

111 497 195 560 Exit
217 519 312 579 saepe
331 497 422 561 foras
445 496 568 581 magnis
590 517 632 560 ex
652 495 781 560 aedibus
801 495 873 571 ille,

44 601 129 662 Esse
155 598 244 662 domi
266 619 360 684 quem
381 610 607 681 pertaesumst,
631 598 800 683 subitoque
822 611 985 675 reventat3

45 700 182 782 Quippe
201 701 288 766 soris
309 701 410 766 nihilo
430 701 541 766 melius
562 701 618 787 qui
636 700 750 765 sentiat
769 723 850 764 esse.
1089 703 1175 766 1075

44 801 169 866 Currit
189 824 288 886 agens
309 824 441 867 manuos
462 807 503 867 ad
523 803 633 867 villam
654 801 923 885 praecipitanter,

44 902 221 966 Auxilium
237 903 330 967 tectis
353 903 444 989 quasi
464 905 553 969 serre
571 905 756 969 ardentibus
777 903 916 969 instans:

46 1005 181 1070 Oscitat
203 1006 384 1088 extemplo,
407 1006 514 1091 tetigit
531 1028 629 1092 quom
649 1005 757 1070 limina
781 1006 895 1082 villae;

42 1108 116 1170 Aut
140 1106 208 1169 abit
227 1106 261 1170 in
281 1130 426 1173 somnum
446 1108 557 1193 gravis
574 1120 669 1193 atque
692 1107 816 1172 oblivia
834 1108 962 1193 quaerit

43 1210 115 1297 Ant
142 1209 237 1271 etiam
258 1231 439 1293 properans
462 1213 574 1273 urbem
594 1211 675 1292 petit
695 1222 790 1296 atque
813 1210 939 1274 revisit.
1091 1213 1175 1276 1080

110 1312 193 1374 Hoc
215 1333 248 1374 se
270 1311 405 1397 quisque
424 1315 521 1377 modo
543 1311 644 1395 fugit:
671 1322 719 1388 at,
743 1333 836 1397 quem
852 1311 994 1389 scilicet,
1018 1323 1053 1375 ut
1071 1313 1128 1387 lit,

43 1413 208 1497 Effugere
232 1413 316 1476 haud
337 1413 423 1495 potis
444 1425 507 1489 est,
530 1413 667 1498 ingratis
688 1416 798 1478 haeret
818 1425 848 1477 et
868 1413 953 1488 odit;

43 1517 253 1596 Propterea,
277 1515 385 1580 morbi
407 1514 482 1601 quia
504 1537 644 1578 caussam
669 1537 734 1579 nou
757 1526 843 1578 tenet
865 1537 981 1600 aeger:

45 1616 156 1696 Quam
179 1619 261 1680 bene
281 1616 308 1679 si
329 1616 452 1691 videat,
475 1616 537 1680 iam
558 1618 655 1681 rebus
676 1617 813 1703 quisque
832 1617 954 1682 relictis

44 1719 207 1780 Naturam
226 1717 366 1800 primum
388 1721 511 1789 studeat
530 1740 731 1804 cognoscere
755 1741 880 1795 rerum3
1088 1721 1174 1784 1085

46 1818 228 1900 Temporis
250 1819 371 1882 aeterni
396 1820 566 1905 quoniam,
589 1841 654 1884 nou
675 1820 767 1883 unius
784 1823 902 1897 horae,

43 1919 241 2005 Ambigitur
261 1933 378 1998 status,
404 1921 524 2007 inquo
550 1923 590 1985 sit
613 1922 803 1985 mortalibus
828 1922 931 1986 omnis

45 2024 151 2086 Aetas
170 2035 246 2105 post
265 2035 416 2098 mortem,
439 2045 520 2109 quae
541 2034 641 2088 restat
661 2045 839 2109 quomque,
863 2027 1063 2089 manendum.

112 2123 262 2209 Denique
285 2136 375 2189 tauto
398 2146 498 2206 opere
520 2124 553 2188 in
576 2124 681 2188 dubiis
698 2125 861 2208 trepidare
883 2125 1016 2210 periclis

43 2227 140 2307 Quae
161 2226 244 2288 mala
267 2247 327 2290 uos
347 2225 471 2311 subigit
493 2225 572 2290 vital
592 2237 679 2290 tanta
698 2227 842 2309 cupido?
1092 2230 1175 2293 1090

43 2327 150 2391 Certa
174 2328 301 2412 quidem
320 2327 393 2392 fluis
415 2326 501 2392 vitae
526 2328 717 2393 mortalibus
741 2341 822 2394 astat

45 2432 122 2493 Nec
143 2428 281 2493 devitari
302 2429 401 2493 letum
422 2441 517 2514 pote,
539 2430 617 2516 quin
636 2434 801 2496 obeamus.

37 2677 154 2722 incerto.
175 2676 234 2721 Scit.
247 2676 393 2736 distinguere
406 2689 548 2733 possumus:
571 2676 597 2737 1)
615 2676 708 2738 Atque,
728 2677 814 2724 auimo
831 2677 927 2724 incerto
940 2676 1066 2741 fluitans,
1084 2694 1172 2726 errore

38 2746 166 2807 rogaris.
196 2742 224 2802 2)
235 2743 313 2805 Atque
326 2746 411 2792 001010
422 2748 534 2805 incerto,
549 2747 660 2811 fluitans
672 2760 775 2803 erroro,
791 2748 907 2808 rogaris.
937 2745 964 2807 3)
976 2747 1055 2808 Atque
1068 2750 1167 2806 animo,

37 2817 144 2861 incerto
157 2813 268 2877 fluitans
283 2828 387 2869 errore,
407 2817 525 2876 ungui-is.
557 2817 668 2862 incertus
684 2818 713 2861 B.
753 2814 828 2862 1068.
848 2814 871 2860 E
887 2818 1036 2875 Cdd.uliq.,
1055 2820 1126 2864 stiam
1138 2820 1169 2865 Ε.

36 2887 115 2952 Brir.
135 2882 172 2928 Et
182 2884 268 2941 reliqui
281 2883 357 2929 eous.
372 2890 397 2928 et
407 2885 469 2934 Edd.
499 2886 536 2930 lb.
548 2899 701 2947 cognoscere
713 2885 758 2931 Aa.
768 2886 867 2931 Ρ.-·Η.
905 2883 981 2932 atti.
1001 2887 1099 2942 „Doleo
1113 2903 1172 2944 pun·

37 2961 111 3001 ctum
122 2955 154 2997 acl
167 2965 267 3011 semper
279 2959 303 2998 et
312 2955 384 3012 luogo
396 2967 517 3014 patuerat-a
528 2957 708 3000 commutnrs.”
722 2956 802 3004 Bentl.
822 2956 869 3000 Sed
888 2955 921 2998 ita
938 2957 1010 3000 nimis
1027 2958 1106 3001 tenuis
1125 2958 1172 3001 erit

36 3025 114 3082 prior
124 3023 259 3077 sententia,
273 3021 334 3082 quid
343 3022 394 3067 sibi
402 3024 505 3084 quisque
514 3024 585 3080 uelit,
599 3026 715 3081 11111110,Ι
734 3038 762 3069 11
772 3024 851 3069 similo
860 3025 991 3077 asyndeton
1000 3025 1075 3069 babes
1087 3023 1112 3079 2,
1127 3022 1169 3070 10.

39 3090 125 3139 1071.
146 3092 263 3136 Ultimum
280 3106 335 3137 roc.
355 3094 423 3138 deest
440 3094 464 3138 in
482 3093 543 3143 Gdd.
563 3094 637 3151 aliq„
658 3094 730 3140 etiam
741 3093 773 3138 Ε.
796 3093 886 3137 Contra
902 3092 932 3137 G.
949 3093 1018 3137 Brix.
1032 3094 1092 3137 Ver.
1104 3095 1168 3137 Vsu.

36 3162 161 3208 reuertit.
176 3162 289 3206 Aru—ll.
300 3167 425 3219 reosntut,
445 3164 545 3208 vsrburn
562 3164 623 3208 alias
642 3163 773 3208 inauditum
781 3176 797 3216 ,¹
808 3161 886 3206 Godd.
896 3159 935 3211 Ω.
948 3166 972 3205 11
983 3162 1024 3207 alii
1036 3162 1075 3205 Pii
1086 3174 1093 3218 3
1112 3163 1170 3206 hoc·

35 3246 89 3290 que
110 3231 227 3287 praetulit
244 3232 286 3276 W.
345 3228 422 3281 1076.
448 3233 533 3276 nillum
551 3230 592 3277 111
607 3246 636 3289 p.
662 3232 692 3279 A.
717 3231 747 3275 Ι..
771 3231 800 3274 ll.
824 3235 907 3275 eontra
928 3230 1005 3274 Cudd.
1028 3231 1089 3278 Edd.
1110 3235 1168 3276 reti.

37 3298 125 3347 1082.
144 3298 199 3344 odit
216 3299 292 3344 Codri.
305 3313 399 3345 omnes.
412 3301 480 3346 Brix.
491 3304 535 3347 liv.
555 3299 621 3357 (odit
637 3303 697 3346 Ver.
711 3299 786 3354 Vsu.)
807 3299 882 3360 ungit
898 3299 928 3345 Α.
947 3299 977 3344 L.
997 3299 1028 3344 li.
1057 3299 1108 3344 obit
1125 3301 1168 3345 W.

36 3370 208 3427 „coniectura
225 3369 376 3413 indubitabili
394 3394 404 3406 ·
423 3396 434 3407 ·
451 3372 517 3428 quasi
536 3369 603 3416 obdit
620 3372 735 3425 scripturn
752 3369 845 3415 esset'l.
864 3392 898 3403 -
916 3369 964 3416 Sed
983 3383 1103 3427 uunquam
1121 3369 1170 3426 pri-

34 3452 110 3485 mam
128 3439 200 3483 huius
218 3440 285 3483 uerbi
303 3439 421 3489 syllabam
437 3441 548 3496 producit
563 3439 706 3494 Lucretius,
732 3439 826 3496 aliaque
844 3451 945 3494 prorsus
964 3444 1001 3484 est
1018 3440 1080 3482 ratio
1100 3452 1171 3483 voca-

35 3510 93 3554 buli
114 3508 182 3553 0110
200 3508 244 3563 (=
264 3505 369 3564 nisiex.)
393 3511 457 3566 quod
482 3510 523 3555 ille
547 3510 637 3554 trustra
660 3511 684 3554 iu
703 3509 817 3553 auritium
840 3513 917 3556 vocat.
937 3506 990 3553 odit
1007 3508 1033 3551 lr.
1052 3510 1069 3552 Ι.
1092 3513 1118 3552 ut
1136 3508 1170 3551 ita

35 3580 141 3631 dicatu,
167 3577 264 3622 mitiore
282 3577 421 3635 aliquanto,
453 3576 962 3637 0010110011,11101011111111110111,
992 3582 1017 3621 ut
1030 3590 1069 3632 ap.
1083 3577 1168 3621 Horat.

34 3649 91 3704 Ep.
108 3645 139 3700 1,
163 3643 205 3691 14.
225 3642 268 3691 20.
286 3645 354 3701 odit,
383 3661 446 3707 puae
463 3654 491 3694 10
504 3646 615 3705 pulchra
630 3655 717 3707 putus.
752 3646 868 3699 Explica:
890 3644 1014 3703 improbat
1032 3658 1074 3699 11,
1092 3644 1170 3703 pudet

30 3719 163 3777 pigetque
188 3715 261 3760 illum
284 3717 335 3763 sui.
372 3717 409 3762 Ad
436 3731 461 3764 r.
491 3715 580 3762 1101011
604 3723 686 3763 autem
714 3717 813 3771 supple,
841 3715 925 3769 11110,
957 3714 1026 3773 00011
1051 3715 1167 3759 suadem.

36 3782 124 3833 1088.
145 3782 307 3844 monendum]
325 3787 366 3832 Sic
377 3783 415 3834 Π.
432 3786 556 3832 manando
569 3786 640 3842 libri,
659 3783 813 3832 1111010.Ε.
828 3790 853 3829 11
863 3784 909 3838 A..
931 3789 980 3834 tntu
989 3786 1084 3841 Walr.;
1104 3785 1167 3841 quod

35 3861 126 3901 ortum
146 3870 158 3900 a
177 3856 298 3909 scriptura
322 3855 472 3902 manandum
495 3871 540 3901 nec
564 3857 638 3900 ullam
661 3859 753 3899 rectam
775 3855 979 3917 constructionem
1003 3854 1115 3899 admittit.
1142 3874 1168 3886 -

35 3923 172 3970 monendo
183 3923 215 3970 L.
228 3924 259 3968 11.
288 3924 392 3971 Nostrae
410 3931 491 3971 autem
509 3926 620 3971 lectionis
640 3926 723 3970 eadem
741 3929 779 3970 est
793 3924 955 3979 constructio,
974 3937 1035 3980 quae
1048 3920 1169 3976 reperitur

33 3995 99 4041 Lib.
115 3993 148 4049 5,
167 3990 211 4040 ll.
237 4007 300 4053 quoa
314 3995 416 4053 proelio
434 3995 508 4041 uobis
531 3994 608 4053 Atque
622 3994 741 4052 pericula
759 3998 818 4038 suat
836 3993 950 4053 ingratis
968 3987 1168 4047 insinuandum!

37 4062 123 4110 109¹.
144 4059 216 4109 01011
234 4062 348 4123 squidem
366 4065 396 4110 C.
414 4066 484 4110 Brix.
501 4066 575 4110 wit.
597 4086 626 4097 -
646 4060 720 4110 01010
738 4061 851 4123 squidem
869 4063 900 4107 E.
919 4084 953 4095 -
977 4057 1048 4104 Certa
1069 4055 1167 4116 quidem

35 4136 104 4180 Ver.
118 4136 184 4180 Veu.
203 4154 239 4168 -
255 4130 330 4181 Garto
347 4132 448 4195 quidem
465 4134 577 4187 ltu-tt.
596 4134 689 4182 Eiehst.
717 4133 824 4180 Rursum
843 4131 951 4178 librariis
969 4127 1091 4185 displicuit
1101 4123 1169 4187 finis

36 4218 136 4264 genere
154 4203 214 4250 terri.
