2772 4750
202 185 264 249 tto
308 201 311 205 ·

192 330 195 335 ¹
262 337 392 404 Fertilis
414 335 539 399 aestiva·
554 333 650 398 Nilus
663 330 813 396 abundet·
830 329 943 416 aqua?
988 329 991 333 ’

201 442 275 507 Nile
297 451 409 522 pater,
435 458 571 522 quanam
591 456 723 517 possum
743 445 776 496 te
797 431 903 496 dicere
925 432 1023 496 causa'

264 538 332 607 Aut
354 541 468 626 quibus
490 538 522 602 in
544 538 638 601 terris
660 531 838 601 occuluisse
860 533 982 616 ceput?

202 648 252 711 'l'e
273 654 413 727 propter
433 642 538 706 nullos
560 638 656 702 tellus
676 649 730 701 tua
752 638 894 720 postulat
914 635 1054 713 imbres,
1083 686 1086 691 .
1118 680 1124 689 ·

264 745 366 810 Arida
389 765 449 807 nec
470 741 590 806 Pluvio
612 739 772 822 supplicat
794 740 896 800 herba
917 737 1009 800 Iovi.

202 851 252 913 Te
275 846 361 910 cauit
381 856 476 930 atque
498 864 589 905 suum
613 841 716 923 pubes
738 839 873 902 miratur
894 836 1015 903 Osirim

265 949 428 1022 Barbara,
450 943 653 1026 Memphiten
673 942 827 1025 plangere
849 943 945 1004 docta
966 943 1097 1005 bovem.

200 1049 330 1115 Primus
350 1059 455 1111 aratra
479 1066 573 1108 mauu
595 1042 723 1108 sollerti
745 1042 822 1106 lecit
843 1042 951 1111 Osiris
1026 1040 1030 1047 ’

203 1151 206 1155 ’
264 1153 311 1215 Et
331 1163 472 1213 teneram
494 1147 586 1211 ferro
609 1130 794 1209 sollicitavit
817 1146 967 1220 humum,

200 1253 331 1318 Primus
350 1252 537 1330 mexpertae
557 1245 715 1311 commisit
736 1244 855 1309 semina
876 1257 1025 1310 terrae·
1083 1316 1085 1321 ¹
1168 1295 1171 1299 .
1257 1248 1325 1305 22st

264 1355 432 1436 Pomaque
455 1372 519 1414 uou
541 1348 625 1413 notis
639 1346 726 1432 -legit
745 1349 786 1410 ab
807 1347 1003 1411 arboribus:

201 1456 265 1518 Hic
288 1454 395 1518 docuit
416 1466 555 1516 teneram
578 1449 659 1533 palis
678 1449 855 1534 adiungere
877 1448 994 1526 uitem,

264 1556 329 1619 Hic
350 1554 483 1617 viridem
506 1557 584 1616 dura
604 1555 745 1625 ,caedere
764 1552 851 1617 lalcc
871 1573 1022 1615 comame

202 1657 255 1720 llli
275 1656 432 1720 iucundos
451 1655 586 1736 primum
610 1666 732 1716 matura
754 1672 889 1735 sapores

264 1761 431 1842 Expressa
453 1755 579 1819 incultis
603 1776 667 1818 uva
687 1754 775 1817 dedit
797 1755 946 1836 pedibus.
1023 1803 1025 1806 >

201 1858 261 1924 Ille
285 1859 393 1943 liquor
415 1857 526 1922 docuit
548 1878 646 1920 voces
668 1854 965 1934 inflectereeautu,

264 1959 376 2025 Movit
396 1971 427 2022 et
449 1962 489 2022 ad
508 1961 618 2023 certos
638 1957 744 2021 nescia
766 1948 917 2021 membra
930 1963 1056 2024 modos.

202 2064 348 2127 Bacchus
371 2073 404 2125 et
423 2060 589 2145 agricolae
610 2058 735 2142 magno·
753 2060 901 2123 conlecta
924 2061 1036 2126 labore
1064 2104 1068 2111 -

264 2166 404 2228 Pectora
426 2161 572 2247 tristitiae
594 2161 798 2231 dissoluenda
811 2163 921 2226 dedit.

117 2337 120 2341 ¹
202 2267 346 2329 Bacchus
369 2276 401 2328 et
420 2264 545 2328 afflictis
566 2263 709 2346 requiem
737 2265 926 2328 mortalibus
949 2267 1070 2342 effert,

233 2386 242 2417 ῑ
265 2366 372 2432 Crura
393 2366 468 2430 licet
484 2368 575 2437 dura
593 2368 747 2447 compede
769 2366 860 2448 pulsa
886 2379 1012 2430 sonent.

201 2472 277 2533 Nou
300 2467 359 2530 tibi
382 2479 456 2530 sunt
478 2467 589 2531 tristes
608 2485 706 2529 curae
728 2486 787 2530 uec
809 2467 932 2543 luctus,
956 2468 1064 2545 Osiri,
1131 2520 1133 2524 ,

265 2572 330 2633 Sed
352 2571 481 2639 chorus¹
496 2580 528 2631 et
548 2580 660 2630 cantus
683 2579 713 2630 et
735 2567 816 2632 levis
839 2579 931 2650 aptus
954 2590 1059 2644 amor3

202 2670 266 2737 Sed
289 2669 368 2734 varii
389 2671 488 2746 flores
511 2683 542 2733 et
564 2662 661 2733 trons'
681 2668 825 2736 redimita
848 2672 1027 2749 corymbis,
1086 2660 1093 2666 ⁹

266 2774 352 2837 Fusa
375 2775 432 2836 sed
454 2775 492 2834 ml
516 2772 751 2835 teneros‘lutee
773 2771 856 2854 palla
881 2775 978 2853 pedes

200 2994 283 3052 tinget
301 3015 310 3026 ·
329 2990 410 3037 elene.
467 2986 507 3033 18.
528 2989 634 3044 „Sirim
666 2995 691 3035 ut
710 2988 756 3051 late
774 2991 1013 3047 petebat‚-prueter
1032 2994 1138 3048 Coelen,
1161 2995 1326 3050 Phoenicen,

200 3067 271 3119 ebam
289 3060 450 3105 Palaestinam
468 3059 614 3103 continebat.
652 3060 727 3112 Syros
746 3075 760 3103 a
784 3064 907 3106 vescendis
928 3062 1046 3108 columbis
1064 3063 1227 3118 abstinuisse,
1250 3066 1330 3110 etiarn

200 3144 229 3175 ex
247 3130 355 3174 Lucieno
376 3129 407 3173 de
437 3126 496 3171 Dec
517 3126 597 3186 Syrie
625 3134 707 3174 uotum
735 3132 798 3173 est.’'
821 3131 898 3184 lleyu.
960 3128 1001 3179 22.
1022 3131 1131 3175 abundet
1155 3134 1232 3177 Codd.
1262 3136 1326 3191 aliq.

199 3199 269 3255 prob.
290 3199 320 3242 ll.
341 3202 365 3241 et
383 3198 490 3242 Censura
506 3196 574 3252 Lips.
642 3195 684 3241 23.
700 3199 799 3256 possim
818 3199 894 3243 Godd.
915 3200 971 3256 aliq.
989 3202 1019 3243 V.
1040 3201 1067 3245 B.
1084 3201 1114 3244 1..
1151 3202 1183 3245 ,tt
1206 3202 1328 3260 ignorau-

200 3269 257 3311 tism
281 3267 383 3318 fatetur,
415 3279 490 3322 neque
518 3279 576 3309 vero
604 3271 698 3320 optet„
721 3272 746 3310 ut
772 3280 868 3312 causam
893 3271 923 3312 ab
949 3271 1001 3321 ipso
1021 3269 1086 3313 lluvii
1107 3271 1160 3314 Deo
1178 3277 1326 3329 cognoscat.

201 3332 243 3379 2⁷.
264 3333 354 3378 Osirin
372 3334 403 3376 V.
458 3331 500 3377 28.
522 3335 541 3377 l.
560 3349 582 3377 e.
603 3333 692 3392 Apim3
706 3336 753 3378 cfr.
771 3336 836 3380 Plio.
856 3338 886 3380 11.
901 3337 931 3381 Ν.
951 3334 981 3390 8,
1002 3333 1043 3381 16.
1083 3335 1123 3381 34.
1144 3352 1222 3383 curra
1240 3341 1327 3385 Aaou.

199 3404 263 3448 coni.
302 3400 345 3449 36.
364 3402 382 3445 i.
401 3415 424 3448 e.
440 3402 692 3448 nudis.-edduetis
710 3405 934 3450 Heius-inlotis
953 3408 1013 3449 Stet.
1069 3404 1110 3451 lt).
1131 3408 1241 3452 tristitia
1259 3411 1325 3453 Stat.

199 3471 310 3516 laetitiae
333 3471 400 3514 Mur.
443 3472 489 3514 Sed
505 3471 626 3515 tristitiae
643 3477 680 3516 est
698 3487 767 3517 cesus
785 3477 912 3519 secundus.
933 3473 1022 3533 luuge:
1064 3473 1198 3528 „Bocchus
1212 3483 1330 3533 pectore

198 3541 330 3600 agricolus
348 3537 448 3598 (gerit.)
467 3538 535 3583 dedit
547 3539 710 3585 dissolvendo
726 3543 846 3586 tristitiae
851 3556 862 3596 ,·
881 3545 914 3587 ita
926 3549 992 3588 recte
1005 3545 1090 3587 dieitur
1103 3546 1188 3604 legum
1210 3547 1326 3590 solutus.

200 3610 253 3653 Liv.
275 3607 322 3661 21,
344 3606 385 3652 ⁶2.
405 3609 520 3653 lecerunt
537 3609 649 3653 unientem
668 3611 830 3670 religionir.”
850 3613 878 3656 Η.
906 3614 959 3658 cu.
980 3612 1063 3655 Horat.
1084 3613 1130 3657 0d.
1153 3611 1183 3665 3,
1205 3612 1256 3667 17,
1278 3614 1326 3661 21.

198 3682 257 3723 eum
274 3674 388 3735 seruulis
416 3690 519 3732 operum
541 3678 641 3721 rotulis.
698 3677 741 3723 tt.
763 3693 858 3736 pressu
875 3694 927 3736 pro·
934 3682 1012 3737 pulser
1029 3682 1102 3729 Puer.
1169 3676 1211 3727 11.
1232 3682 1326 3737 dulci,

199 3747 260 3791 eod.
286 3745 365 3789 Gom-
380 3746 411 3787 V.
433 3746 462 3788 Β.
485 3764 514 3776 -
533 3745 619 3789 dulcia
637 3746 682 3791 Ed.
708 3762 745 3802 pr.
768 3749 899 3794 -duleis
919 3751 1017 3806 reliqui.
1037 3751 1066 3794 L.
1090 3751 1135 3794 cfr.
1155 3749 1187 3805 2,
1218 3749 1251 3805 1,
1279 3750 1326 3796 86.

198 3812 243 3860 18.
261 3812 338 3858 iudos*
353 3814 451 3856 retinuit
469 3812 586 3870 Lnebru.;
606 3819 661 3860 tuuc
680 3805 826 3861 constructio
845 3819 906 3864 erit:
927 3819 1088 3872 „concelebra
1107 3825 1201 3863 centum
1222 3821 1328 3865 choreis

191 3885 269 3929 ludos
291 3882 439 3939 Geniumque
457 3882 474 3926 i.
492 3896 515 3926 e.
536 3884 604 3927 ludos
623 3886 645 3928 iu
664 3886 735 3930 Genii
753 3887 869 3930 bonorem
888 3888 994 3934 factos.”
1020 3887 1067 3931 Atii
1087 3888 1148 3931 Cod.
1172 3893 1197 3932 et
1221 3890 1326 3946 Vulgo:

197 3950 276 4005 ludis.
297 3951 453 4004 „concelebra
471 3950 574 3995 Genium
598 3958 692 3997 eentum
713 3955 775 3999 ludis
798 3959 822 3999 et
839 3955 962 3999 choreis.''
981 3975 1013 3987 -·
1032 3954 1139 4000 Genium
1159 3956 1246 4010 ludia,
1274 3956 1329 4001 Ge·

199 4021 317 4076 uiumque
333 4017 442 4062 choreis.
469 4020 561 4061 Msrltt.
587 4020 663 4070 lleyn.
686 4042 716 4052 -
735 4022 927 4068 rcnctumludo
950 4023 1110 4082 Geniumque
1124 4023 1211 4078 Guret.
1233 4022 1269 4069 V.
1293 4047 1328 4058 -

199 4085 320 4142 (Genium
348 4086 417 4131 ludis
440 4092 585 4142 centumque
609 4084 649 4129 et.
675 4088 779 4133 Huschk.
808 4086 885 4145 coni.)
938 4086 980 4138 51.
1000 4097 1024 4135 et
1040 4091 1120 4136 nitido
1138 4092 1168 4136 L.-
1223 4091 1270 4138 ⁵2.
1292 4093 1330 4149 (Ε

200 4155 285 4211 rapite
299 4156 374 4207 lleyn.
390 4152 471 4210 coni.)
506 4149 547 4196 53.
567 4155 617 4199 Pro
630 4153 675 4196 tibi
691 4153 746 4197 dem
765 4158 840 4210 llere.
852 4160 927 4205 (totu.
945 4174 958 4204 e
976 4160 1035 4205 Cdd.
1050 4161 1108 4218 aliq.
1121 4162 1176 4204 :'-
1188 4161 1236 4206 tibi
1251 4162 1328 4206 dum.

199 4223 248 4265 sed
265 4222 411 4266 constructio
436 4222 507 4264 buius
531 4219 648 4265 tonnulae
674 4234 721 4276 per·
738 4225 822 4278 partic.
843 4227 882 4271 air
901 4229 1029 4284 precandi,
1058 4230 1214 4286 obtestandi,
1246 4231 1330 4277 obse-
