2762 4760
241 240 284 303 10

238 396 387 483 Denique
407 417 468 480 per
488 394 588 460 maria
608 416 647 459 ac
668 393 803 460 monteis
822 395 1004 485 fluviosque
1025 399 1169 483 rapaceis

239 498 512 585 Frondiferasque
534 501 648 563 domos
669 496 775 561 avium
795 519 991 585 camposque
1013 498 1163 565 virenteis

240 600 397 669 Omnibus
417 598 572 665 mentiens
592 600 740 663 blandum
761 621 821 684 per
841 611 977 683 pectora
999 623 1157 681 amorem,
1307 603 1341 663 90

238 702 370 781 Efficis,
393 712 427 766 ut
448 700 562 786 cupide
585 699 758 786 generatim
780 701 866 767 secla
885 715 1080 787 propagent.

301 807 391 887 Quae
412 804 563 891 quoniam
584 824 692 867 rerum
713 814 857 868 naturam
878 804 948 869 sola
970 808 1147 890 gubernas,

238 910 310 973 Nec
330 907 397 973 sine
416 918 449 972 te
470 904 642 993 quidquam
664 905 732 970 dias
751 905 786 970 iu
806 904 934 970 luminis
955 928 1030 972 oras

237 1010 397 1076 Exoritur
417 1014 529 1096 neque'
541 1009 715 1073 fitlaetum
736 1030 797 1072 nec
817 1007 953 1073 amabile
974 1008 1165 1095 quidquam3

238 1115 288 1177 Te
311 1111 434 1177 sociam
455 1108 567 1176 studeo
589 1109 769 1175 scribundis
791 1109 939 1174 versibus
960 1132 1043 1187 esse,
1309 1114 1342 1175 95

237 1215 329 1295 Quos
349 1235 413 1299 ego
438 1216 476 1278 de
497 1234 604 1277 rerum
625 1223 738 1276 natura
758 1233 900 1297 pangere
922 1233 1026 1278 conor

236 1315 450 1380 Memmiadae
470 1326 605 1380 nostro:
628 1336 721 1401 quem
742 1325 795 1390 tu,
817 1315 905 1391 Dea,
926 1325 1073 1398 tempore
1093 1315 1126 1379 iu
1148 1316 1235 1381 omni

237 1416 394 1485 Omnibus
415 1428 561 1483 ornatum
583 1415 715 1481 voluisti
735 1416 894 1481 excellere
914 1418 1023 1481 rebus.

237 1521 312 1601 Quo
334 1518 436 1606 magis
456 1529 617 1583 aeternum
640 1521 680 1581 da
703 1516 813 1596 dictis,
834 1517 937 1594 Diva,
960 1518 1117 1601 leporem.

236 1623 352 1699 Effice,
375 1632 411 1684 ut
428 1619 550 1685 interea
571 1620 641 1685 fera
662 1641 812 1685 moenera
833 1619 960 1685 militiai

235 1725 303 1790 Per
325 1722 425 1787 maria
445 1744 483 1787 ac
503 1734 606 1787 terras
628 1722 748 1787 omneis
768 1720 874 1805 sopita
894 1720 1070 1808 quiescant.
1092 1754 1097 1761 ⁴

234 1827 318 1889 Nam
339 1836 374 1888 tu
395 1824 464 1890 sola
483 1834 577 1909 potes
597 1821 768 1910 tranquilla
789 1845 869 1908 pace
893 1823 1005 1890 iuvare

235 1926 428 1992 Mortaleis:
454 1926 605 2013 quoniam
626 1926 703 1990 belli
724 1926 794 1990 fera
816 1947 966 1992 moenera
987 1928 1127 1993 Mavors

234 2030 445 2112 Armipotens
464 2028 565 2114 regit,
588 2027 622 2092 in
641 2027 795 2114 gremium
815 2027 871 2114 qui
892 2050 986 2112 saepe
1004 2039 1092 2093 tuum
1114 2052 1147 2094 se

235 2130 356 2197 Reiicit
377 2143 507 2197 aeterno
530 2130 674 2196 devictus
695 2130 828 2196 volnere
850 2129 988 2196 amorisa

234 2236 343 2319 Atque
364 2232 425 2310 ita,
448 2231 622 2316 suspiciens
640 2231 736 2297 tereti
757 2232 886 2298 cervice
907 2244 1055 2318 reposta,

233 2335 345 2401 Pascit
364 2356 475 2400 amore
497 2333 626 2411 avidos,
648 2332 772 2399 inhians
791 2334 825 2399 in
844 2346 892 2414 te,
917 2337 1004 2414 Dea,
1028 2336 1113 2403 visus

233 2439 327 2523 Eque
347 2448 402 2501 tuo
423 2439 541 2520 pendet
561 2436 702 2519 resupini
723 2435 854 2520 spiritus
877 2459 947 2503 ore.

232 2542 330 2605 Hunc
350 2550 402 2616 tu,
423 2536 528 2619 Diva,
548 2548 605 2603 tuo
626 2539 830 2603 recubantem
855 2561 997 2625 corpore
1018 2553 1129 2610 sancto

236 2640 439 2708 Circumfusa
457 2661 570 2723 super,
592 2639 716 2705 suaveis
735 2662 778 2705 ex
797 2662 856 2706 ore
879 2642 1025 2729 loquelas

233 2748 362 2821 Funde,
384 2756 495 2828 petens
515 2742 671 2827 placidam
694 2742 867 2821 Romanis,
889 2744 1025 2824 incluta,
1047 2769 1171 2832 pacem.

232 2849 317 2912 Nam
338 2867 439 2933 neque
462 2867 520 2910 nos
542 2867 638 2931 agere
659 2847 724 2910 boc
745 2845 863 2937 patriai
883 2858 1029 2932 tempore
1051 2850 1164 2937 iniquo

233 2952 407 3015 Possumus
430 2969 532 3034 aequo
555 2946 679 3024 anim03
702 2970 762 3012 nec
782 2949 916 3014 Memmi
938 2951 1023 3015 clara
1044 2974 1196 3037 propago

234 3051 367 3116 Talibus
390 3050 422 3115 in
443 3053 539 3115 rebus
562 3050 722 3115 communi
740 3052 830 3116 desse
851 3053 957 3117 saluti.

284 3205 326 3252 22.
353 3207 505 3264 Empedoclis
523 3206 611 3265 fragm.
630 3208 668 3251 ed.
688 3206 793 3260 Peyron.
813 3221 837 3264 p.
858 3205 900 3253 51.
919 3202 1067 3280 Κύπριδος
1090 3210 1125 3268 (i.
1139 3228 1162 3256 e.
1176 3210 1297 3276 φιλίας)
1314 3213 1341 3265 ἑο

231 3272 400 3346 παλάμῃσιν
417 3269 469 3326 ὅτε
486 3269 540 3337 ξὺν
553 3270 641 3347 πρῶτ’
655 3270 797 3337 ἐφύοντο.
834 3273 876 3323 23.
894 3277 1000 3323 luminis
1011 3293 1071 3325 orus
1083 3282 1158 3326 Codd.
1173 3285 1266 3330 cuncti.
1280 3286 1339 3330 Edd.

230 3352 289 3392 vett.
308 3346 399 3391 Ennius
416 3348 445 3390 de
463 3344 580 3391 Romulo:
610 3351 637 3389 tu
650 3345 800 3403 produxisti
825 3361 871 3393 nos
888 3348 957 3392 intra
979 3350 1084 3395 luminis
1101 3363 1172 3397 oros.
1192 3353 1245 3398 Clr.
1270 3357 1339 3414 virg.

231 3417 278 3461 Ge.
293 3412 324 3470 2,
344 3412 386 3460 17.
406 3416 485 3472 ibique
502 3416 575 3459 Voss.
594 3414 759 3459 inclamamus
777 3423 854 3461 tanuen
873 3418 903 3460 ad
920 3417 995 3473 Prop.
1008 3418 1034 3473 l,
1050 3418 1079 3472 1,
1094 3416 1136 3465 31.
1172 3422 1231 3476 „Sic
1252 3410 1339 3482 ubique

229 3486 334 3531 lutrinis
352 3489 376 3530 et
391 3483 462 3528 oe'ris
479 3495 558 3527 euros
576 3484 768 3529 dissentientibus
786 3487 892 3543 quamvis
910 3499 982 3542 saepe
999 3488 1084 3545 libris,
1109 3505 1155 3533 non
1172 3504 1234 3536 oras
1253 3495 1340 3539 scribi·

230 3570 298 3608 mus,
329 3555 384 3611 quia
401 3552 471 3598 οὲνίσ
489 3565 568 3596 ouras
585 3552 722 3596 Lucretium
740 3554 766 3608 1,
786 3552 850 3610 208,
871 3552 935 3610 801,
956 3553 1032 3602 1086.
1053 3559 1146 3603 dedisse
1165 3566 1260 3606 certum
1282 3566 1341 3608 est!

231 3627 276 3669 Sed
289 3624 417 3678 differunt,
437 3622 537 3677 opinor,
556 3622 662 3666 lerninis
680 3635 739 3666 oros
756 3624 846 3678 (lanino
864 3630 888 3669 et
905 3623 1014 3671 aetheris
1026 3641 1086 3671 oroe
1099 3626 1128 3682 6,
1145 3627 1200 3682 61.)
1219 3631 1251 3674 ab
1273 3633 1340 3676 aeris

230 3694 317 3748 curia,
337 3707 360 3738 v.
376 3690 400 3738 3.
414 3689 474 3737 stt.
493 3691 546 3737 cfr.
560 3693 633 3737 etiarn
646 3688 675 3746 5,
691 3688 750 3738 779.
786 3691 828 3739 27.
849 3694 878 3738 C.
892 3696 1018 3740 Memmius
1037 3697 1159 3742 Gemellus
1177 3699 1207 3743 1..
1222 3701 1252 3745 F.
1270 3702 1339 3747 Trib.

229 3767 263 3820 pl.
283 3779 307 3808 u.
326 3777 348 3810 c.
369 3759 427 3808 687.
446 3761 585 3817 Lucullum,
606 3766 630 3807 et
647 3768 743 3816 praetor
762 3776 786 3808 u.
800 3777 822 3808 e.
837 3762 895 3812 695.
933 3764 1061 3810 Caesarem
1080 3771 1250 3822 proconsulem
1271 3785 1340 3817 vexa-

229 3836 278 3889 vit;
306 3848 367 3877 anno
387 3830 445 3878 699.
466 3834 516 3887 ipse
537 3847 550 3875 a
569 3835 598 3891 Q.
618 3832 707 3876 Erucio
726 3833 828 3878 arnbitus
854 3839 976 3878 accusatus
999 3840 1023 3879 et
1045 3839 1168 3881 dannnatus
1187 3840 1303 3886 Athenas
1321 3844 1339 3885 in

229 3904 327 3947 exilium
340 3902 454 3956 secessit,
474 3914 521 3959 quo
533 3902 619 3949 Cicero
638 3916 661 3945 a·
682 3899 740 3947 702.
760 3904 789 3946 ad
807 3915 861 3950 eum
879 3905 943 3948 dedit
960 3903 1020 3959 Epp.
1040 3906 1068 3948 ud
1086 3905 1251 3963 niv.13,1‚
1270 3908 1287 3954 2
1297 3943 1304 3966 ‚
1320 3908 1338 3954 3.

228 3973 301 4018 Poc'si
314 3986 407 4030 quoque
420 3972 522 4026 studuit,
542 3974 673 4031 etquidem
685 3973 830 4028 impudicae:
851 3972 921 4018 Ouid.
936 3972 1045 4028 Trist2,
1056 3972 1116 4019 133.
1137 3977 1201 4021 Ptin.
1213 3977 1263 4033 Ep.
1280 3979 1307 4036 5,
1319 3977 1338 4025 3.

228 4057 251 4086 v.
271 4044 365 4087 Wetzel
384 4044 411 4086 ud
430 4042 482 4086 Cic.
501 4042 571 4086 Brut.
590 4057 612 4087 c.
633 4037 674 4086 70.
720 4039 761 4086 30.
780 4038 932 4101 EtfoceB.
984 4040 1024 4090 35.
1044 4045 1079 4087 lta
1098 4045 1174 4090 Codd.
1194 4047 1261 4092 Edd.
1283 4055 1338 4094 vett.

198 4125 201 4129 ’
228 4126 321 4157 omues.
348 4133 384 4147 -
413 4110 542 4157 devinctus
558 4111 588 4157 1..
609 4112 639 4156 Η.
659 4111 688 4154 de
706 4125 751 4168 qua
769 4113 869 4157 lectione
887 4126 935 4157 non
953 4113 1090 4158 dubitarunt
1107 4115 1186 4159 Bentl.
1207 4122 1232 4160 et
1251 4119 1339 4164 Vulci.

227 4184 256 4225 ad
274 4182 370 4226 Gallim.
389 4182 487 4241 Fragm.
507 4192 562 4239 pag.
584 4179 642 4227 117.
670 4179 731 4224 Aen.
752 4179 777 4229 8.
797 4179 857 4227 991.
906 4180 969 4225 Tum
989 4187 1064 4240 puter
1087 4190 1188 4228 aeterno
1197 4183 1284 4244 satur
1303 4188 1340 4232 de·

227 4253 323 4296 uinctus
341 4265 443 4306 emore,·
461 4252 501 4296 ubi
519 4253 601 4296 eadem
617 4251 735 4305 varietas,
767 4252 809 4295 sed
826 4251 851 4296 h.
869 4253 887 4295 1.
907 4252 978 4296 etium
995 4266 1049 4296 cusu
1067 4252 1098 4297 G.
1118 4254 1148 4298 G.
1166 4255 1197 4298 E.
1215 4257 1247 4300 F.
1272 4272 1340 4314 prae·

226 4321 279 4365 fero
297 4320 417 4366 devictus.
456 4319 497 4367 36.
517 4321 653 4380 suspirans
671 4321 766 4378 quidam
785 4322 845 4376 apud
862 4321 942 4366 Pium.
963 4322 999 4371 lb⁴
1028 4328 1153 4380 repostum
1172 4326 1261 4371 licius.
1288 4341 1340 4383 pro·
