2750 4744
194 200 258 263 att

195 361 240 424 Et
262 355 324 420 sibi
345 355 406 418 iam
430 349 495 415 seri
517 348 614 410 vitam
637 346 821 430 ingemuere
842 344 999 407 relictam.
1022 376 1064 388 -

195 462 242 525 At
263 470 295 522 te
317 454 481 520 nocturnis
504 452 592 515 itivat
613 448 832 530 impallescere
855 446 997 511 chartis:

197 562 317 628 Cultor
339 558 419 622 enirn
442 557 591 619 iuvenum
614 561 768 634 purgatas
789 549 904 614 inseris
927 572 1022 614 autres

196 667 308 747 Fruge
331 660 519 725 Cleanthea.
566 654 672 719 Petite
693 653 786 727 hinc,
810 651 1006 735 iuvenesque
1030 672 1205 735 senesque,

196 767 308 830 Finem
331 762 437 825 animo
460 771 581 822 certum
605 752 790 838 miserisque
813 754 928 817 viatica
952 755 1053 818 canis.
1077 790 1117 801 -
1276 752 1314 815 65
1365 760 1366 763 ’

197 915 212 943 ,,
223 867 306 932 Cras
321 867 386 928 hoc
401 862 490 926 fiet.’'
503 894 548 953 ¹-
562 860 653 923 Idem
668 877 740 919 cras
755 856 820 919 liet.
839 892 880 903 -
895 905 910 930 ,‚
921 857 1031 938 Quid?
1053 856 1145 941 quasi
1161 877 1314 942 magnum,

196 972 322 1050 Nempe
345 966 427 1029 diem
450 962 586 1026 donas.”
608 988 651 1002 -
673 961 737 1022 Sed
759 979 857 1042 quom
880 960 935 1022 lux
958 961 1056 1024 altera
1080 959 1189 1033 venit,
1365 950 1366 965 ¹

197 1074 266 1135 Iam
289 1090 360 1131 cras
382 1070 563 1131 hesternum
586 1060 851 1142 consumpsimus.
896 1063 983 1125 Ecce
1006 1062 1090 1124 aliud
1112 1082 1184 1123 cras

197 1171 317 1256 Egerit
339 1173 397 1234 bos
420 1188 521 1231 anuos
543 1177 574 1229 et
596 1184 722 1244 semper
745 1163 884 1244 paullum
907 1163 969 1226 erit
990 1166 1087 1227 ultra.

196 1278 280 1339 Nam
304 1270 448 1355 quamvis
470 1288 574 1350 prope
597 1279 646 1341 te,
672 1265 817 1349 quamvis
839 1277 967 1329 temone
989 1268 1049 1329 sub
1072 1287 1137 1329 rino
1277 1267 1315 1326 70
1365 1298 1366 1323 t

198 1368 392 1440 Verteutem¹
411 1393 480 1435 sese
501 1371 624 1433 frustra
645 1370 810 1431 sectabere
833 1369 1000 1443 canthum,

198 1480 306 1558 Quom
328 1485 401 1539 rota
423 1471 591 1554 posterior
613 1492 725 1534 curras
748 1482 780 1533 et
801 1469 833 1533 in
857 1491 916 1533 axe
939 1472 1091 1535 secundo.
1115 1501 1157 1513 -

196 1580 364 1642 Libertate
388 1597 470 1658 opus
493 1587 558 1648 est,
584 1595 648 1637 non
671 1576 749 1646 bac,
774 1594 854 1656 quia,
880 1585 913 1635 ut
936 1573 1071 1657 quisque
1093 1572 1215 1636 Velina
1365 1606 1366 1635 l

199 1680 334 1745 Publius
357 1676 508 1751 emeruit,
532 1675 711 1739 scabiosum
733 1675 886 1737 tesserula
908 1674 960 1737 lar

197 1783 360 1846 Possidet.
405 1780 478 1842 Heu
501 1777 624 1841 steriles
646 1777 732 1854 reri,
758 1776 874 1860 quibus
897 1797 958 1838 uua
983 1776 1139 1857 Quiritem
1279 1776 1314 1839 75

198 1884 340 1967 Vertigo
362 1881 456 1944 facit!
481 1880 544 1944 Hic
565 1879 669 1943 Darna
692 1890 825 1941 estnon
847 1878 956 1941 tressis
979 1899 1099 1962 agaso,

198 1991 313 2067 Vappa
335 1996 367 2051 et
388 1983 496 2065 lippus
518 1995 550 2044 et
570 1981 602 2044 in
624 1981 711 2044 tenui
732 1980 895 2065 farragine
919 1983 1074 2043 mendax:

200 2086 347 2151 Verterit
370 2087 452 2148 hunc
475 2082 639 2159 dominus,
663 2090 824 2147 momento
847 2081 982 2147 turbinis
1003 2084 1069 2146 exit

199 2190 334 2251 Marcus
356 2188 471 2251 Dama.
494 2220 537 2231 -
559 2187 688 2267 Papae!
712 2216 754 2229 -
775 2187 896 2251 Marco
919 2183 1116 2269 spondente,
1141 2208 1273 2250 recusas

200 2289 343 2354 Credere
366 2299 401 2350 tu
423 2286 594 2351 nummos?
616 2322 658 2335 —-
679 2288 798 2351 Marco
821 2289 881 2350 sub
902 2287 1006 2352 iudice
1027 2290 1142 2371 palles.
1282 2287 1321 2349 80

198 2392 334 2453 Marcus
357 2388 449 2451 dixit.
474 2390 585 2451 -Ita
608 2402 669 2451 est.
693 2424 734 2437 -
759 2389 925 2473 Adsigna,
950 2392 1084 2468 Marce,
1110 2392 1258 2455 tabellas.
1280 2425 1319 2437 -

199 2495 290 2555 Haec
313 2512 398 2555 mera
422 2489 567 2564 libertas;
591 2492 654 2554 boc
676 2490 769 2555 nobis
791 2491 876 2573 pilea
901 2494 1032 2557 donant.

264 2706 312 2755 ¹⁶1.
335 2731 362 2741 —
384 2711 436 2753 ium
454 2721 513 2753 aero
530 2710 561 2753 Α.
581 2731 606 2742 -
627 2711 678 2753 inm
690 2706 755 2771 fieri
775 2711 806 2755 V.
845 2708 889 2756 ⁶3.
907 2710 991 2757 Nullos
1007 2724 1131 2757 meorum:
1153 2725 1182 2756 ee
1198 2713 1320 2758 iuuenum.
1364 2738 1365 2741 =

202 2777 502 2825 tt.-etonmeusntt1.
528 2776 1120 2841 lb.-bincpueriqusR.-bunepueriqueb
1154 2780 1321 2841 67.-qurna
1364 2836 1365 2841 ¹

201 2849 302 2894 ΜΔ.
334 2845 581 2906 sisegonino
592 2849 624 2891 V.
652 2845 694 2892 to.
712 2872 744 2882 -
761 2853 1184 2910 quamquum--quamqunmSM.
1207 2849 1322 2896 liman-
1364 2846 1365 2879 t

201 2916 646 2976 elum]ttE.-eanuunnvstn1.
679 2914 917 2977 72.Quomh.l.d.
951 2916 1321 2978 73.SicCodd.aliq.Foquel.

204 3009 234 3021 -
246 3001 296 3031 non
314 2986 376 3037 hnc,
397 2991 422 3030 ut
442 2986 545 3045 quiaque
564 2984 686 3030 TVSEM.
708 3007 736 3018 -
757 2999 807 3030 non
821 2984 869 3030 bne
890 3001 964 3047 quam
981 2990 1084 3049 quiaque
1105 2990 1136 3034 R.
1157 3003 1281 3044 superser.
1299 2994 1323 3032 ut

201 3058 318 3101 vocabulo
337 3069 421 3116 quern.
446 3079 474 3089 -
493 3069 543 3100 non
561 3053 609 3099 linc
629 3069 678 3113 quc
696 3056 799 3115 quiaque
817 3056 847 3100 A.
886 3080 920 3091 ·-
938 3071 987 3102 non
1005 3055 1052 3104 dcc
1073 3074 1157 3119 picum,
1178 3060 1323 3119 utquisque

201 3127 275 3171 Codd.
295 3129 352 3183 aliq.
409 3123 449 3171 75.
477 3145 507 3159 -
533 3123 649 3169 Possedit
672 3126 703 3168 V.
759 3125 796 3169 lb.
826 3148 852 3160 -
878 3124 990 3186 Quirites
1014 3129 1068 3173 SM.
1124 3127 1166 3174 76.
1195 3151 1226 3160 -
1246 3134 1285 3172 eet
1301 3132 1324 3171 ut

200 3201 234 3241 tr.
253 3197 285 3242 tt.
315 3194 356 3241 77.
377 3219 409 3229 -
424 3193 511 3252 chpu
522 3195 606 3252 lippus
624 3195 723 3241 ttvsm.
763 3192 804 3242 78.
829 3216 855 3227 -
877 3193 936 3239 binc
952 3198 982 3241 Α.
1004 3199 1039 3242 lb.
1059 3218 1093 3229 —
1111 3212 1187 3242 mom.
1205 3197 1324 3254 temporie

201 3265 297 3309 runa.
317 3266 357 3318 (u.
384 3265 407 3307 u
426 3277 504 3323 iring.
523 3264 655 3313 turriano.)
685 3261 728 3307 si.
748 3282 780 3297 -
793 3263 856 3308 utcu
873 3264 903 3308 n.
924 3267 961 3310 m.
980 3286 1014 3299 -
1033 3264 1149 3326 ossigi«
1166 3252 1263 3311 usas.
1282 3265 1323 3310 mc

200 3335 272 3378 nobie
288 3335 359 3390 pilea
382 3331 486 3391 donent]
505 3333 567 3389 NE.
587 3352 621 3367 -·
639 3330 704 3376 bunc
726 3332 798 3378 nobie
816 3333 886 3392 pileo
906 3332 1000 3380 donant
1023 3337 1076 3381 SM.
1096 3337 1200 3393 Foquel.
1220 3338 1244 3380 in
1272 3350 1323 3381 coo-

200 3409 274 3447 teitu.
296 3424 325 3434 -
345 3399 406 3445 baec
434 3403 505 3446 nobie
525 3403 596 3460 pilea
622 3401 699 3446 donet
728 3403 802 3446 ΤΚΛ.

272 3528 313 3610 bd.
333 3578 361 3608 ee
380 3564 495 3607 iuuenum
512 3557 542 3608 P.
587 3561 617 3609 75
648 3563 778 3620 monbec,
798 3581 872 3625 quum
891 3572 918 3611 ut
935 3567 1085 3626 quiequerp.
1105 3592 1138 3601 -
1158 3581 1209 3612 non
1218 3565 1285 3625 lenc,
1303 3573 1326 3612 ut
1363 3532 1364 3567 i

199 3634 302 3695 quisque
321 3634 387 3676 uW.
409 3654 439 3664 ·-
453 3646 502 3677 non
514 3630 576 3686 bne,
596 3649 645 3693 qun
660 3635 762 3693 quiaque
780 3637 809 3680 P.
849 3634 890 3681 82.
905 3634 971 3680 hene
983 3636 1056 3681 nobie
1074 3651 1098 3691 p.

201 3735 351 3748 ———

271 3784 311 3833 73.
335 3782 423 3828 Velina
437 3784 512 3829 tribus
529 3799 628 3830 numero
644 3788 745 3831 aliarum
764 3790 869 3834 tribuum
890 3790 1011 3845 accessit3
1032 3793 1056 3833 et
1074 3790 1113 3846 qui
1129 3790 1194 3833 circa
1213 3791 1326 3835 Velinum

201 3862 277 3902 lacurn
295 3854 450 3908 habitabant,
471 3855 574 3899 Romam
596 3858 704 3901 translati
720 3864 784 3906 sunt.
821 3859 914 3904 Romae
932 3862 1011 3902 autem
1030 3863 1083 3902 erat
1101 3861 1277 3914 consuetudo,
1307 3865 1327 3902 nt

199 3929 240 3987 qui
256 3942 285 3973 ex
305 3924 492 3969 manumissione
515 3926 579 3969 ciues
604 3926 705 3971 Rouraui
733 3928 912 3982 efficiebantur,
944 3942 967 3971 m
983 3940 1082 3971 uiriucro
1099 3928 1188 3971 civium
1205 3929 1327 3973 Romano·

199 4013 253 4042 rum
282 3999 428 4040 frumentum
458 3995 579 4050 publicum
610 3997 754 4050 acciperent.
810 3996 852 4043 75.
882 3996 977 4059 Quidue
1007 4010 1058 4040 unu
1088 3995 1223 4057 Quiritem]
1268 4001 1328 4057 Quos

198 4066 410 4116 manumittebant,
437 4077 477 4107 eas
502 4064 571 4117 alapa
595 4076 722 4117 percussos
749 4067 944 4126 circumagebant
969 4071 993 4111 et
1021 4066 1112 4110 liberos
1141 4065 1329 4114 confirmabant.

199 4136 265 4179 Unde
281 4132 439 4178 manumissio
456 4134 533 4184 dicta,
566 4131 628 4186 qnod
645 4144 714 4175 ruauu
734 4137 879 4182 mitteretur.
925 4135 1047 4199 Quiritem
1068 4141 1149 4181 antem
1170 4137 1329 4196 singulariter

199 4203 296 4248 &buthe
316 4203 391 4254 diliis
413 4200 511 4243 Ῑῑθθῐῑῑῑθ
529 4200 633 4252 poetica.
686 4200 746 4245 Nam
764 4205 826 4250 sicut
846 4212 914 4262 pater
932 4209 1083 4262 conscriptus
1102 4220 1150 4250 non
1170 4207 1283 4266 dicitur;
1302 4199 1329 4251 iti

200 4285 243 4316 nec
262 4272 381 4327 Quiritem
399 4267 480 4310 dicere
498 4279 637 4321 possumus.
