2750 4744
46 342 259 427 Custodisque
279 345 370 409 seros
391 344 506 408 clausit
527 345 683 426 serpentis
704 345 826 417 hiatus,

102 447 171 508 Iret
195 459 229 508 ut
251 445 411 510 Aesonias
434 465 531 509 aurea
553 450 624 509 lana
647 450 772 509 domos.

44 550 130 609 Ausa
152 547 252 609 ferox
273 549 313 609 ab
336 567 421 629 equo
444 547 602 628 qnondam
626 566 814 629 oppugnare
835 547 961 630 sagittis

102 646 248 710 Maeotis
270 647 416 710 Danaum
439 647 643 710 Penthesilea
666 658 768 720 rates3

43 750 149 811 Aurea
173 747 225 809 cui
247 760 416 832 postquam
439 748 570 810 nudavit
591 747 712 809 cassida
735 748 893 823 frontem,

103 847 192 910 Vicit
215 850 369 910 victorem
393 847 524 908 candida
546 845 650 909 forma
675 848 792 910 virrrm.

44 944 198 1025 Omphale
221 957 253 1006 ot
274 945 449 1008 intantum
472 946 595 1009 formae
615 948 777 1027 processit
798 951 976 1028 honorem,

106 1045 212 1124 Lydia
235 1046 373 1128 Gygaeo
395 1047 492 1109 tincta
515 1048 621 1128 puella
643 1050 734 1123 lacu,

44 1147 105 1220 Ut,
131 1145 186 1228 qrri
208 1158 324 1227 pacato
345 1147 506 1210 statuisset
527 1148 559 1210 in
582 1149 663 1211 orbe
686 1150 867 1226 columnas,

104 1248 186 1308 Tam
209 1250 286 1309 dura
309 1250 451 1311 traheret
472 1247 580 1311 mollia
603 1269 701 1329 pensa
725 1271 832 1314 mania.

44 1348 213 1409 Persarum
236 1347 346 1410 statuit
367 1349 535 1428 Babylona
558 1348 739 1413 Semiramis
761 1354 891 1429 urbem,

104 1450 149 1513 Ut
172 1449 308 1512 solidum
332 1448 586 1515 coetotolleret·
602 1471 725 1535 aggere
747 1474 851 1535 opus,

43 1551 84 1610 Et
106 1552 171 1613 diro
195 1551 226 1610 in
249 1552 417 1613 adversum
441 1551 528 1613 missi
549 1573 609 1632 per
632 1553 753 1615 moenia
777 1576 912 1630 currus,

103 1651 156 1712 Ne
178 1661 311 1731 possent
332 1661 419 1714 tacto
441 1651 666 1735 stringere-ab
688 1674 747 1716 axe
770 1656 870 1729 latus;

44 1750 142 1812 Duxit
165 1759 198 1811 et
220 1751 416 1830 Euphratem
441 1751 594 1827 medium,
618 1774 681 1837 qua
705 1755 845 1818 condidit
868 1777 977 1831 arces,
1063 1828 1068 1835 ,
1115 1762 1155 1824 25

102 1850 200 1912 Iussit
222 1862 254 1913 et
275 1851 408 1932 imperio
434 1874 566 1937 surgere
588 1854 708 1917 Bactra
730 1867 838 1936 caput.

43 1953 121 2015 Nam
144 1952 220 2034 quid
242 1973 305 2036 ego
327 1955 461 2029 heroas,
487 1953 564 2036 quid
584 1966 708 2036 raptem
730 1956 762 2016 in
784 1954 914 2017 crimina
937 1957 1057 2021 divos?

102 2054 251 2135 Iuppiter
273 2053 402 2116 infatuat
424 2076 522 2136 seque
544 2075 696 2136 suamque
720 2057 861 2118 domuin.

42 2152 152 2232 Quid?
174 2156 271 2218 modo
293 2174 375 2237 quae
397 2155 515 2219 nostris
540 2155 719 2237 opprobria
742 2167 873 2217 vexerat
895 2156 989 2218 armis

102 2256 146 2317 Et
167 2255 305 2319 lamrilos
327 2255 411 2318 inter
433 2254 548 2319 semina
569 2257 645 2318 trita
666 2278 742 2320 suos
1115 2261 1156 2322 (30

42 2354 194 2437 Coniugii
216 2354 368 2418 obscoeni
389 2355 527 2437 pretium
552 2359 697 2420 Romana
720 2356 872 2437 poposcit

99 2456 236 2520 Moenia
258 2469 290 2519 et
312 2455 454 2521 addictos
476 2454 507 2518 in
530 2478 587 2520 sua
609 2478 708 2541 regna
729 2463 853 2537 patres!

41 2558 146 2621 Noxia
168 2558 393 2631 Alexandrea,
419 2558 502 2620 dolis
524 2557 684 2639 aptissima
707 2559 818 2632 tellus,

101 2660 146 2721 Et
166 2658 264 2721 toties
286 2669 421 2731 nostro,
445 2646 615 2739 Memphi,
641 2670 769 2720 cruenta
792 2660 893 2734 malo,

41 2761 123 2820 Tres
145 2757 201 2819 ubi
222 2757 379 2838 Pompeio
403 2758 541 2818 detraxit
562 2778 658 2820 arena
680 2758 876 2839 triumphos:

102 2858 229 2936 (Tollet
251 2858 334 2919 nulla
358 2857 423 2919 dies
445 2859 528 2919 hauc
550 2857 625 2932 tibi,
650 2857 774 2933 Roma,
800 2868 908 2921 notam
922 2862 943 2935 l)

39 2958 142 3022 issent
165 2959 350 3041 Phlegraeo
374 2957 486 3021 melius
509 2957 564 3020 tibi
586 2958 699 3020 lunera
721 2979 857 3038 campo,

39 3176 79 3222 29.
100 3177 240 3221 Sententiae
258 3178 293 3220 sie
313 3179 457 3231 procedunt:
479 3177 554 3233 „quid
575 3189 707 3220 snernorem
729 3175 815 3219 heroas
835 3180 859 3219 et
875 3177 960 3219 deuse
980 3175 1075 3220 leminis
1092 3179 1153 3219 mate

38 3243 158 3289 habitos?
190 3246 246 3301 quid
267 3256 401 3289 rusinors‘sn
430 3257 503 3298 porro
526 3245 588 3288 inter
615 3244 716 3300 insignia
745 3244 854 3298 exempla
879 3243 1004 3288 muliebris
1026 3244 1152 3298 superbiae

37 3315 208 3368 Cleopatram,
227 3327 288 3369 quae
303 3314 406 3356 maxims
425 3327 479 3356 eum
497 3314 641 3357 contumelia
658 3313 729 3354 modo
752 3325 796 3354 nos
812 3317 974 3369 oppugnatum
995 3317 1094 3357 venerat
1110 3314 1155 3356 im·

36 3381 178 3438 periuroque
200 3382 336 3425 Romanurn
355 3407 364 3416 -
383 3405 393 3416 ·
411 3381 458 3425 sibi
473 3382 591 3435 poposcit.
600 3381 614 3402 ’⁹
649 3379 718 3422 hetto
741 3376 844 3424 uehendi
862 3379 997 3436 opprobria
1014 3381 1070 3434 illc,
1093 3383 1154 3436 apud

37 3453 133 3504 poetam
156 3451 316 3504 praesertim,
347 3454 412 3493 recte
442 3450 586 3504 praecedere
616 3452 694 3503 potest
719 3448 819 3492 alteram
845 3447 969 3504 poscendi
993 3450 1100 3494 rnoenio.
1122 3474 1154 3483 -

35 3518 136 3562 vexerit
152 3515 199 3561 Lu.
219 3532 272 3561 curn
295 3518 355 3562 Cdd.
379 3517 436 3573 aliq.
456 3519 526 3561 solita
542 3516 732 3571 permutatione,
760 3515 785 3558 h.
812 3517 828 3558 l.
855 3516 980 3570 perspicue
1005 3516 1075 3563 falsa.
1114 3519 1154 3561 Sic

36 3586 152 3631 enimboc
161 3586 264 3639 diceret,
276 3587 340 3642 quod
352 3586 456 3639 optimus
464 3588 535 3639 poe'ta
544 3586 622 3628 dicere
634 3596 751 3640 nunquam
760 3588 854 3638 poterat
866 3596 872 3627 :
892 3615 904 3637 „
915 3584 969 3639 quid
982 3584 1058 3628 dicam
1067 3584 1154 3629 heroas

35 3656 142 3711 deosque
160 3653 263 3708 superbe
286 3658 432 3697 tractatore
459 3654 573 3706 feminis,
605 3653 660 3708 quid
680 3664 752 3705 porro
772 3652 868 3704 diosus,
894 3665 964 3708 quarn
982 3654 1153 3698 contumeliose

35 3723 106 3766 nobis
121 3735 199 3778 nuper
217 3723 305 3766 bellurn
320 3721 435 3766 intulerit
451 3721 553 3780 Aegypti
570 3721 654 3778 regina
669 3724 692 3763 et
714 3718 743 3761 ab
762 3719 865 3763 Antonio
891 3720 993 3775 pretium
1016 3722 1061 3765 sibi
1079 3735 1168 3780 popo-s

34 3791 84 3835 ecit
101 3791 199 3834 moenia
216 3791 359 3845 llornana’';
388 3792 450 3846 quod
471 3791 594 3834 soloscurn
612 3802 666 3832 esse
684 3788 764 3830 statim
788 3789 863 3832 vides.
919 3785 960 3832 31,
981 3790 1100 3849 coniugis
1115 3790 1156 3833 oi-

34 3859 122 3902 eeoem'
139 3858 199 3902 Cdd.
219 3871 312 3903 oannes.
332 3859 395 3902 Scal.
416 3859 464 3901 lec.
484 3855 531 3902 L2.
550 3857 678 3911 Erplieant
698 3867 773 3899 nunc:
794 3856 922 3909 „Pretium
938 3858 1064 3916 coniugis,
1093 3860 1156 3913 quod

34 3929 123 3971 coniux
141 3928 191 3969 dat.
228 3926 370 3971 obscoenus
387 3931 467 3971 autern
479 3927 566 3970 coniux
585 3931 636 3978 est,
657 3925 696 3980 qui
713 3923 824 3967 lerninaru
841 3929 888 3968 lam
904 3926 1017 3969 lascivam
1032 3926 1155 3968 insitrimo-

35 3996 78 4038 nio
96 3994 183 4049 petit.'’
223 3995 316 4049 Audio;
348 3997 389 4038 sed
414 4008 457 4049 per
476 4008 501 4037 ss
521 3996 590 4051 longe
609 3993 704 4037 facilior
732 3997 768 4035 est
786 3994 920 4039 emendatio
941 3994 1012 4049 vulgo
1035 3997 1154 4045 recepte:

35 4060 157 4122 Coniugii
179 4061 312 4115 obscoeni,
335 4076 376 4106 neo
395 4064 457 4117 apud
480 4063 556 4115 Prop.
575 4074 676 4115 prorsus
700 4060 841 4117 defugiendo
860 4066 958 4114 propter
977 4061 1079 4105 formam
1098 4071 1154 4116 geu.
1213 4066 1227 4078 '‘

34 4130 119 4175 inii:
147 4141 218 4187 quam
236 4143 324 4176 exosus
347 4129 377 4174 L.
403 4132 427 4174 in
450 4129 497 4172 Ed.
516 4143 555 4184 pr.
575 4130 691 4174 dederet:
723 4125 830 4186 Coniugi
847 4133 871 4170 et
888 4128 955 4170 odae.
994 4125 1046 4168 cte.
1063 4137 1154 4168 moxv.

35 4195 77 4245 ll.
100 4196 245 4257 Tarquinii.
284 4197 384 4253 ttsrnt,
403 4195 486 4253 s‚³t.
505 4197 616 4253 imperii.
654 4195 696 4242 35.
717 4208 794 4242 verno
813 4195 896 4238 Helos.
916 4195 933 4236 t.
954 4207 976 4239 e.
995 4191 1120 4238 Pothinus.
