2762 4760
200 230 240 294 ts

201 389 388 468 Persequor
408 402 446 444 ac
469 381 572 442 doceo
595 371 709 448 dictis,
733 391 799 456 quo
822 368 1098 455 quaequec'reata
1160 376 1163 381 ’

200 490 348 552 Foedere
370 483 455 559 sint,
473 479 506 543 in
529 500 568 544 eo
591 497 685 563 quam
706 470 749 536 sit
770 475 885 535 durare
907 491 1089 543 necessum,

201 592 272 653 Nec
293 586 414 650 validas
435 581 560 646 valeant
582 577 652 642 aevi
674 573 857 640 rescindere
875 573 979 657 leges.

203 692 279 773 Quo
302 708 419 774 genere
441 684 475 748 in
494 677 724 765 primisanimi
745 687 859 739 natura
878 685 1037 758 repertast

202 792 325 858 Natiso
348 787 485 874 primum
505 782 681 849 consistere
705 799 849 861 corpore
874 789 980 852 creta,

202 900 274 961 Neo
295 914 392 978 posse
412 888 606 954 incolumem
626 903 772 968 magnum
796 885 912 945 durare
934 903 994 964 per
1017 900 1154 945 aeroma

204 1000 269 1063 Sed
289 995 458 1060 simulacra
479 987 637 1054 solereio
659 983 779 1050 somnis
800 984 912 1048 fallere
931 995 1083 1061 mentem,

204 1101 348 1167 Cernere
369 1115 467 1181 quom
490 1091 656 1155 videamur
673 1109 762 1162 cum,
784 1108 878 1172 quem
901 1084 967 1149 vita
989 1085 1134 1171 reliquit.
1207 1146 1211 1151 .

269 1202 367 1283 Quod
386 1205 549 1280 superest,
563 1214 656 1255 nunc
677 1192 741 1252 hue
762 1186 897 1252 rationis
920 1187 1039 1250 detulit
1054 1191 1154 1264 ordo,

164 1382 168 1390 ¹
204 1306 250 1371 Ut
271 1301 349 1365 mihi
371 1294 502 1363 mortali
524 1292 700 1360 consistere
723 1311 868 1372 corpore,
888 1292 1037 1352 mundum

205 1406 426 1488 Nativomque
448 1397 541 1463 simul
562 1394 647 1460 ratio
668 1394 832 1458 reddunda
855 1390 896 1455 sit
917 1413 999 1458 esse.

205 1511 250 1573 Et
268 1506 385 1592 quibus
407 1502 462 1566 ille
479 1497 583 1563 modis
605 1517 797 1581 congressus
819 1494 963 1559 materiai

207 1605 364 1674 Fundarit
383 1616 518 1678 terram,
542 1600 682 1674 caelum,
706 1619 809 1673 mare,
832 1596 954 1672 sidera,
977 1598 1078 1662 solem

206 1712 375 1794 Lona'ique
401 1706 553 1790 globum3
574 1712 656 1776 turn,
680 1721 761 1784 quae
781 1699 895 1763 tellure
916 1699 1089 1764 animantes

206 1809 419 1883 Exstiterint3
440 1817 576 1891 etquae
596 1802 684 1866 nullo
706 1800 776 1865 sint
791 1810 939 1884 tempore
960 1811 1071 1865 natae:

208 1915 324 1996 Quove
346 1912 444 1976 modo
464 1927 564 1992 genus
585 1907 755 1967 humanum
778 1903 922 1975 variante
944 1903 1073 1988 loquela

207 2011 366 2098 Coeperit
384 2011 469 2075 inter
486 2029 520 2073 se
544 2006 631 2071 vesci
652 2027 712 2087 per
731 2002 1009 2069 nominatorum:

207 2119 253 2183 Et
275 2114 391 2200 quibus
412 2111 467 2175 ille
487 2108 592 2174 modis
615 2107 725 2170 divom
744 2117 844 2169 metus
864 2105 1032 2170 insinuarit

209 2219 369 2290 Pectora,
392 2225 551 2276 terrarum
574 2206 629 2293 qui
652 2206 686 2269 in
709 2206 784 2271 orbi
804 2217 913 2270 sancta
932 2218 1039 2271 tuetur

208 2321 314 2394 Fana,
337 2316 442 2390 lacus,
465 2313 574 2388 lucos,
598 2329 668 2373 aras
690 2307 922 2394 simulacraque
941 2309 1064 2387 divom.

274 2420 465 2491 Praeterea,
487 2411 566 2478 solis
588 2433 699 2475 cursus
720 2410 876 2496 lunaeque
899 2398 1038 2488 meatus,

110 2606 113 2611 ἡ
211 2519 410 2605 Expediam,
432 2538 495 2602 qua
518 2514 551 2577 vi
572 2515 680 2576 flectat
702 2514 826 2575 Natura
850 2515 1050 2598 gubernans:

209 2626 262 2689 Ne
281 2623 376 2687 forte>
389 2621 470 2682 haee
486 2615 570 2681 inter
591 2614 712 2678 caelum
734 2624 917 2702 terramque
939 2636 1067 2681 reamur

210 2723 334 2790 Libera
357 2732 473 2806 sponte
496 2739 552 2782 sua
573 2739 684 2781 cursus
706 2710 844 2782 lustrare
865 2717 1048 2800 perenneis,

211 2824 387 2911 Morigera
409 2825 450 2885 ad
465 2821 578 2904 fruges
598 2822 758 2903 augendas
780 2829 877 2905 atque
897 2818 1100 2886 animanteis:

212 2931 306 2994 Neve
326 2924 433 3011 aliqua
456 2921 567 2986 divdm
588 2920 681 2985 volvi
700 2919 825 2985 ratione
847 2931 1008 3004 putemus.

211 3034 313 3107 Nam,
335 3032 417 3093 bene
439 3024 515 3112 quei
536 3023 678 3088 didicere
701 3025 779 3088 deos
800 3045 946 3087 securum
971 3045 1070 3110 agere
1092 3031 1230 3105 aevom,

212 3133 248 3197 Si
269 3143 374 3197 tamen
393 3127 516 3194 interea
542 3124 714 3201 mirantur,
737 3146 800 3210 qua
821 3126 948 3191 ratione

211 3237 365 3320 Quaeque
388 3229 459 3315 geri
479 3227 621 3313 possint,
643 3226 833 3310 praesertim
854 3231 951 3292 rebus
969 3228 1003 3292 in
1024 3229 1108 3308 illis,

212 3337 303 3417 Quae
325 3352 424 3416 sopra
445 3340 541 3412 caput
560 3327 710 3392 aetheriis
732 3340 905 3393 cernuntur
925 3330 958 3393 in
978 3330 1045 3397 oris
1052 3354 1062 3408 ς

212 3441 337 3503 Rursus
358 3433 391 3496 in
411 3429 557 3515 antiquas
574 3429 759 3494 reseruntur
779 3430 956 3515 religiones

212 3541 257 3603 Et
280 3534 427 3601 dominos
450 3530 553 3595 acreis
576 3529 752 3607 asciscunt,
776 3532 883 3596 omnia
901 3555 998 3616 posse

214 3641 306 3721 Quos
325 3634 453 3701 miserei
475 3634 626 3710 credunt,
647 3631 792 3719 ignarei,
816 3633 894 3719 quid
916 3648 1013 3722 queat
1034 3660 1119 3716 esse,

269 3800 310 3848 ⁶2,
330 3798 465 3846 incolumis
476 3797 590 3842 a.1..1s.
629 3793 670 3846 65.
690 3810 756 3842 nuuc
774 3811 813 3842 me
830 3796 878 3843 Ιιιιι·
895 3799 925 3845 1..
945 3800 976 3846 H.
1014 3798 1056 3847 ts.
1076 3803 1148 3848 nosci
1166 3801 1253 3853 oouo.
1277 3811 1342 3869 aliq.

214 3875 286 3921 etiam
298 3871 330 3916 E.
343 3869 406 3914 Edd.
419 3872 477 3914 vett.
490 3870 533 3911 Av.
544 3866 574 3913 L.
584 3866 615 3914 Α.
634 3867 721 3921 „osred
731 3868 749 3912 i.
764 3881 786 3914 o.
800 3868 900 3922 vivere,
914 3870 988 3914 vitam
999 3872 1096 3927 coter03
1109 3875 1264 3921 secundario
1281 3842 1353 3925 verbi

174 3988 179 3997 Ι
214 3939 362 4002 gignificum,
383 3950 457 3994 quum
474 3937 523 3980 vita
540 3936 654 3980 nimirum
669 3937 730 3981 cibis
742 3938 867 3981 vescendis
880 3941 1052 3997 propagetur.”
1069 3942 1143 3986 Wak.
1172 3945 1278 3991 Veram
1295 3952 1352 3993 tect.

213 4012 281 4059 vesci
296 4010 370 4054 habet
384 4005 428 4051 Gd.
440 4005 470 4053 C.
508 4001 551 4050 96.
571 4006 606 4048 lta
623 4005 698 4050 Codd.
713 4006 797 4061 (etiam
810 4006 839 4050 C.
850 4004 895 4061 E.)
904 4007 966 4053 Edd.
976 4014 1034 4054 vett.
1048 4010 1094 4054 Ar.
1105 4010 1136 4055 Α.
1155 4008 1255 4058 lterum
1265 4016 1306 4062 1..
1323 4019 1352 4062 E.

213 4070 475 4127 Eichst.ctr.v.135.
514 4070 556 4119 99.
576 4073 692 4119 accidet:
710 4072 791 4119 firmat
808 4075 868 4120 hanc
886 4076 942 4121 lect.
962 4078 993 4124 C.
1012 4102 1045 4113 -
1063 4079 1158 4125 occidit
1175 4094 1238 4127 cum
1255 4088 1353 4140 pteris·

215 4165 260 4209 que
278 4150 338 4194 Gdd.
351 4146 382 4191 E.
396 4143 457 4189 Edd.
471 4147 530 4188 rett.
541 4144 585 4187 W.
614 4144 660 4187 Sed
676 4142 722 4187 etr.
738 4144 767 4196 1,
783 4141 842 4189 921.
861 4142 913 4190 Nec
930 4160 970 4190 me
988 4148 1069 4192 anund
1078 4145 1168 4206 follit,
1189 4165 1282 4210 quam
1303 4157 1354 4200 stat

213 4219 332 4270 omum,
352 4220 377 4259 οι
391 4217 445 4258 ante
463 4212 543 4255 omnia
559 4212 622 4255 inv.
639 4223 691 4268 seq.
711 4225 785 4269 quom
802 4210 909 4273 difficile
928 4213 956 4260 id
972 4214 1036 4261 milri
1054 4218 1098 4262 stt.
1136 4216 1197 4265 itt.
1221 4222 1355 4281 Empedo-

216 4291 265 4334 cles
283 4301 307 4333 v.
329 4280 388 4333 302.
406 4283 442 4328 st.
467 4273 518 4342 (τὸ
537 4272 641 4341 detor)
664 4271 721 4329 οὐκ
744 4271 830 4330 ἔστιν
847 4277 1023 4344 πελάσασῇη
1049 4279 1111 4338 οὐδ’
1130 4282 1354 4358 ὀφθαλμοῖσιν
