2762 4760
22 368 115 432 Unde
137 385 223 427 mare
245 375 276 427 et
297 374 404 426 terrac
422 371 555 442 possent
576 381 747 444 augescere
769 372 801 424 et
821 364 901 423 uude

22 471 209 550 Apparerct
230 465 366 547 spatium
390 461 472 527 caeli
493 465 607 527 domus
627 462 750 547 altaque
771 474 855 526 tecta
1056 459 1139 522 1110

24 575 52 634 Τ
56 571 175 635 olleret
197 567 328 631 aterris
351 565 466 650 procul
490 576 521 628 et
544 576 754 649 consurgeret
775 570 845 629 a'e'r.

22 676 106 736 Nam
126 695 181 735 sua
202 670 344 757 quoique
367 667 449 732 locis
474 690 516 731 ex
538 667 683 731 omuibus
706 667 810 732 omnia
829 667 934 752 plagis

22 777 182 858 Corpora
202 774 434 836 distribuuntur
457 783 487 835 et
509 772 548 832 ad
567 792 620 833 sua
645 770 728 834 secla
750 772 920 834 recedunt:

23 880 157 940 Humor
180 880 220 939 ad
241 878 424 951 humorem,
447 885 576 937 terreno
597 895 739 955 corpore
760 885 848 936 terra

24 981 157 1045 Crescit
178 992 210 1044 et
231 980 341 1064 ignem
359 978 450 1062 ignes
471 979 652 1059 procudunt
675 978 865 1059 aetheraque
884 976 1012 1038 aether:
1058 976 1139 1039 1115

25 1083 190 1147 Donicnm
212 1086 252 1144 ad
274 1093 449 1144 extremum
470 1077 637 1143 crescundi
655 1079 776 1159 perfica
796 1079 891 1140 linem

25 1185 142 1249 Omnia
164 1183 316 1267 perduxit
336 1204 444 1246 rerum
466 1192 575 1244 natura
599 1178 759 1243 creatrix:

24 1291 69 1351 Ut
91 1289 146 1363 fit,
171 1286 225 1349 ubi
246 1285 347 1347 nihilo
369 1284 430 1346 iam
449 1284 520 1365 plus
542 1295 606 1359 est,
629 1286 716 1367 quod
737 1285 829 1344 datur
850 1280 931 1344 intra

26 1389 168 1452 Vitaleis
187 1410 298 1463 venas,
322 1409 415 1472 quatu
438 1384 526 1471 quod
546 1385 617 1448 fluit
638 1396 731 1470 atque
755 1382 889 1448 recedit.

27 1492 186 1555 Omnibus
208 1491 257 1553 his
280 1503 364 1552 aetas
387 1490 479 1551 debet
502 1487 676 1552 consistere
697 1490 812 1550 rebus:
1060 1489 1141 1551 1110

28 1594 93 1657 llic
118 1605 230 1656 natura
252 1593 316 1655 suis
338 1592 478 1655 refrenat
500 1589 622 1653 viribus
644 1602 782 1652 auctum.

27 1698 127 1772 Nam,
151 1716 395 1780 quaequomque
415 1692 504 1756 vides
525 1693 660 1755 hilarum
682 1695 892 1776 grandescere
910 1696 950 1755 ad
967 1705 1090 1755 auctum

29 1797 264 1882 Paullatimque
288 1801 404 1880 gradus
427 1794 537 1859 aetatis
559 1799 709 1858 scandere
732 1795 872 1871 adultae,

30 1901 129 1963 Plura
149 1899 211 1962 sibi
233 1910 406 1974 assumunt,
431 1902 581 1983 quamde
605 1919 638 1960 se
661 1919 802 1978 corpora
823 1897 966 1971 mittunt;

30 2003 115 2065 Dum
130 2002 226 2065 facile
248 2000 280 2063 in
303 2023 398 2064 venas
421 2001 511 2063 cibus
534 1999 654 2064 omneis
675 1999 793 2062 inditur
815 2010 846 2061 et
868 2002 940 2060 dum
1061 2002 1140 2062 1125

32 2107 108 2168 Non
125 2105 169 2168 ita
191 2115 262 2167 sunt
282 2104 344 2167 late
366 2104 524 2186 dispersa,
547 2116 581 2165 ut
599 2103 693 2164 multa
716 2102 876 2165 remittant

31 2208 75 2269 Et
93 2208 166 2290 plus
189 2205 333 2288 dispendi
353 2205 489 2281 saciant,
512 2227 604 2290 quam
628 2203 768 2267 vescitur
791 2217 887 2268 aetas.

33 2312 112 2372 Nam
133 2320 221 2373 certe
243 2310 341 2371 fluere
364 2330 402 2371 ac
425 2311 577 2371 decedere
599 2328 742 2390 corpora
761 2309 856 2370 rebus

33 2412 136 2474 Multa
159 2433 267 2474 manus
285 2414 419 2473 dandum
439 2421 506 2473 est:
531 2412 587 2472 sed
607 2410 700 2491 plura
721 2413 873 2474 accedere
896 2412 1028 2486 debent,

33 2515 151 2578 Donec
172 2513 335 2577 alescundi
352 2535 503 2576 summum
521 2512 655 2596 tetigere
679 2533 839 2576 cacumen.
1062 2513 1145 2575 1130

32 2617 108 2680 lude
134 2616 311 2679 minutatim
334 2615 431 2679 vireis
452 2627 483 2679 et
501 2619 602 2678 robur
622 2615 759 2678 adultum

33 2719 171 2803 Frangit
190 2731 221 2780 et
242 2718 274 2781 in
293 2728 416 2800 partem
434 2717 577 2799 peiorem
598 2716 732 2803 liquitur
750 2730 847 2782 actas.

34 2819 163 2903 Quippe
182 2820 313 2896 etenim,
337 2831 455 2905 quanto
474 2832 521 2882 cst
543 2842 594 2882 res
615 2820 766 2902 amplior,
790 2820 934 2904 augmine
955 2807 1122 2902 adempto,

34 2923 76 2983 Et
97 2943 166 3008 qno
187 2921 284 2987 latior
307 2935 370 2998 est,
392 2922 425 2984 in
448 2932 575 2985 cunctas
597 2921 734 3008 undique
756 2922 874 3007 parteis

35 3023 133 3088 Plura
154 3028 249 3089 modo
273 3024 430 3108 dispergit
448 3036 478 3088 et
498 3047 516 3086 a
537 3046 569 3088 se
592 3047 734 3108 corpora
752 3026 864 3101 mittit;
1065 3027 1144 3090 1135

35 3242 192 3293 Coeant.
222 3270 255 3279 -
284 3244 331 3299 (nd
343 3251 443 3290 auctum
461 3246 548 3292 habent
566 3247 642 3291 Codd.
662 3252 726 3292 octo.
745 3247 817 3290 Brit..
830 3248 890 3291 Ver.
908 3243 985 3299 Vsu.)
1016 3270 1050 3280 -
1076 3244 1145 3290 leilnr

35 3312 106 3358 Codd.
121 3313 149 3361 li.
170 3339 203 3348 -
220 3312 496 3360 dominumtuum
516 3337 550 3350 -
567 3315 651 3360 hilaro
663 3317 692 3360 1..
714 3337 743 3348 -
763 3314 1145 3361 aerumnosarum-nav.

34 3382 120 3429 llichst.
141 3386 183 3428 sed
198 3383 319 3429 ndouctue
334 3398 449 3442 nusquam
467 3387 526 3430 alias
544 3387 664 3441 reperitur
682 3401 721 3441 ap.
739 3386 838 3430 Lucret.
858 3410 890 3420 -
909 3384 991 3430 tuan
1004 3383 1092 3445 (coni.)
1102 3400 1146 3446 gr.

35 3451 65 3496 ud
82 3460 183 3497 unctum
198 3455 239 3498 W.
264 3454 340 3498 Nobis
352 3455 446 3512 quidem
459 3468 516 3509 prae
532 3456 631 3513 reliquis
646 3457 733 3511 placuit
750 3457 835 3499 Aldina
854 3457 941 3510 lectio,
967 3457 1059 3500 duobus
1076 3457 1146 3500 codd.

33 3519 120 3567 firmata
141 3524 302 3579 (nuncetiam
325 3539 339 3567 a
363 3525 392 3569 G.
412 3531 436 3569 et
451 3522 506 3581 E.).
543 3526 654 3569 Attamen
680 3539 709 3570 ex
734 3526 868 3582 antiquiore
892 3527 972 3569 torma
995 3526 1069 3570 scrib.
1097 3530 1149 3569 erat

35 3588 143 3637 hilarum
161 3604 219 3647 pro:
239 3590 357 3638 hilarem.
414 3591 488 3638 1125.
512 3594 608 3638 inditur
628 3594 687 3639 Cdd.
707 3594 735 3639 C.
753 3595 783 3639 E.
799 3595 875 3653 Lugd.
898 3600 976 3652 uterq.
1001 3595 1147 3639 11111111.

36 3660 93 3706 lunt.
106 3663 150 3706 W.
165 3662 240 3706 Forb.
260 3687 293 3696 -
311 3662 406 3706 diditur
424 3665 504 3722 Vulgo
517 3678 570 3707 cum
581 3665 643 3707 Brit.
663 3662 687 3711 2.
702 3666 764 3709 Ven.
779 3664 832 3707 1111.
849 3665 913 3708 taciti
928 3678 984 3709 sane
997 3665 1148 3709 correctione

37 3732 102 3782 petita
113 3748 127 3777 e
142 3745 164 3775 v.
182 3727 256 3776 1136.
276 3733 358 3776 Verbo
374 3738 438 3777 certe
454 3732 540 3776 indere
556 3747 672 3789 nusquam
682 3738 807 3788 praeterea
819 3734 893 3777 utitur
904 3734 977 3778 Luce.
1017 3731 1093 3778 1127.
1102 3748 1149 3791 pu-

36 3800 109 3844 ecitur
126 3802 224 3844 Amicus
237 3801 363 3859 Latobiui3
382 3802 528 3846 parcitura
548 3816 571 3846 1.
590 3803 710 3856 nuncior,
731 3816 837 3864 occupo,
856 3803 986 3859 prehendo.
1006 3803 1065 3847 ΧΗ,
1086 3803 1148 3847 'l'ub.

38 3869 104 3923 Qvtlt
122 3870 275 3915 Pthtttttts
294 3870 474 3926 NANClTOR,
495 3872 555 3916 stul
574 3871 713 3916 ΗΑΒΕΤΟ.
742 3872 815 3917 Fabri
828 3874 891 3916 coni.
911 3874 976 3927 „Sed
993 3874 1060 3916 cerci
1079 3874 1151 3916 etiarn

38 3951 85 3982 cum
103 3941 241 3985 accusativo
266 3944 372 3985 construi
397 3941 501 3995 potest.”
524 3941 600 3984 Forb.
656 3938 731 3985 1123.
751 3956 781 3984 ac
798 3940 928 4001 decedere]
944 3944 1073 3999 Vulgatatu
1092 3943 1148 3985 lect.

39 4013 135 4063 1111111,
155 4011 286 4068 quaesatio
303 4008 415 4054 -firmatur
430 4011 484 4055 aliis
504 4010 564 4054 locis
582 4009 655 4054 anr.
675 4016 710 4064 (v.
726 4012 830 4056 Iudicem
843 4009 948 4066 Ele-het.)
971 4034 996 4041 -
1018 4016 1091 4068 atque
1111 4025 1150 4052 re-

39 4076 118 4122 cedere
134 4080 163 4124 C.
178 4081 207 4124 E.
222 4081 264 4124 W.
279 4080 308 4124 F.
357 4077 431 4124 1130.
451 4079 576 4123 Dorticum
588 4080 717 4124 olescendi
729 4081 759 4124 L.
770 4081 800 4125 ll.
845 4079 921 4125 1135.
942 4078 1029 4132 „oeno
1049 4083 1099 4123 est:
1121 4079 1152 4122 Et

40 4158 81 4200 quo
97 4151 168 4192 inodo
187 4150 258 4192 latior
277 4155 329 4204 est,
349 4163 378 4194 eo
397 4151 468 4192 modo
486 4150 555 4204 plura
574 4149 702 4207 dispargit,
729 4150 870 4205 pronomine
884 4162 912 4192 ex
926 4151 1001 4191 attera
1015 4152 1081 4201 parte
1095 4147 1151 4190 sub·

41 4217 111 4260 audito
128 4226 196 4264 etex
214 4222 290 4263 attera
308 4219 470 4263 substantivo:
491 4222 515 4262 et
533 4219 587 4275 quid
610 4217 843 4275 bistrequeutius?’'
864 4219 904 4263 W.
940 4214 1011 4259 modo
1024 4216 1048 4259 b.
1066 4218 1082 4258 t.
1097 4221 1149 4262 est:

42 4296 69 4326 ea
81 4299 127 4342 pro
145 4302 277 4342 incasura,
298 4295 322 4332 ut
335 4289 394 4345 apud
409 4289 505 4333 Celsum
520 4285 549 4342 1,
565 4285 589 4335 2.
610 4285 675 4347 quod
683 4285 810 4344 modopur
822 4291 867 4330 eet.
890 4305 919 4316 -
938 4283 1147 4333 Pturtaeonu,
