2762 4762
59 362 158 428 lInins
180 365 220 425 ad
243 362 413 446 exsequias
435 362 565 443 plorant
586 361 781 447 iuvenesque
808 384 985 446 senesquet

115 466 213 527 Hune
234 475 301 526 tota
325 467 402 525 urbs
425 465 553 545 planetu
576 464 688 526 lunera
712 464 933 546 prosequitur.

59 568 117 630 Sed
137 587 198 628 nee
219 567 343 629 bonore
366 575 454 626 earet
476 565 613 627 tunurlus
634 567 829 649 sobolesque
848 577 1015 649 §superstes

117 668 162 730 Et
184 666 308 730 sobolis
329 666 461 730 soboles
483 675 615 749 totaque
637 665 822 746 posteritas.

59 770 189 850 Semper
212 770 316 831 honos
337 787 516 851 nomenque
540 779 665 829 rnaneut
686 777 719 829 et
741 778 886 848 postuma
907 768 1010 832 lernae

117 872 186 933 Sub
209 869 322 932 tellure
344 867 396 931 siti
419 866 522 952 glorie
547 880 650 931 morte
671 879 780 931 earet:

10 1044 14 1051 .
60 969 184 1033 Scilicet
206 967 399 1050 intrepidum
422 990 515 1053 quem
538 981 669 1032 stantem
693 981 725 1032 et
747 969 990 1055 belligerantem

108 1073 187 1134 ‘Pro
209 1071 310 1152 patria
334 1083 366 1133 et
387 1069 469 1132 natis
491 1070 586 1133 Mars
607 1071 696 1132 lorus
717 1070 869 1155 abripuit.

59 1172 189 1256 Fugerit
211 1182 243 1233 at
265 1170 376 1254 nigrae
398 1170 425 1234 si
446 1172 543 1253 longe
565 1171 687 1233 silentis
710 1171 814 1234 noetis

118 1275 162 1337 Et
183 1273 287 1355 spolia
311 1295 328 1336 e
349 1274 436 1336 bello
458 1272 566 1336 vietor
589 1273 693 1356 opima
717 1273 819 1348 lerat,

59 1375 151 1437 Hune
172 1385 323 1437 venerata
346 1373 449 1436 minoe
471 1372 566 1448 eolit,
590 1374 675 1435 hune
697 1382 729 1436 et
749 1373 854 1437 serior
875 1386 981 1439 aetas:

118 1474 171 1538 Sie
193 1475 347 1540 tumulum
371 1476 470 1537 merlto
492 1474 604 1556 plenus
626 1476 751 1538 honore
771 1475 871 1556 petit:

60 1573 155 1639 Cuius
175 1578 366 1639 honoratam
389 1575 513 1657 populo
536 1594 594 1637 nee
617 1576 750 1639 vocibus
773 1579 855 1640 arisit

117 1679 187 1740 Nee
209 1675 300 1738 dietis
323 1675 489 1760 queisquem
513 1676 637 1739 laedere
660 1675 827 1742 canitiem:

59 1778 239 1861 Annrrgnnt
260 1777 305 1840 illi
326 1777 456 1840 iuvenes
487 1796 711 1860 aequaevaque
734 1780 865 1856 turba,⁴

117 1881 302 1962 Assurgunt
323 1899 404 1942 aevo
425 1877 486 1941 iarn
509 1877 662 1960 graviore
684 1898 790 1942 senes.

59 1980 130 2043 Hoe
151 2002 234 2042 nilne
255 1979 390 2069 quisque
411 1990 503 2060 paret
526 1978 653 2041 virtutis
674 1982 828 2042 seanelere
848 1981 1003 2058 errlmen,'

116 2081 240 2144 Bellum
263 2081 423 2226 ἱιιᾶοῐοῇο
444 2078 618 2143 sollicitans
640 2079 759 2143 sterilio-

1131 668 1178 736 ,30

122 2251 166 2311 28]
184 2253 221 2297 Ex
239 2266 324 2296 errore
335 2284 342 2306 ,
363 2253 400 2297 eni
419 2251 537 2296 obnoxius
554 2230 600 2295 fuit
618 2254 654 2296 vel
674 2251 796 2311 scaliger,
816 2251 916 2298 Grotius
934 2268 1028 2311 quoqne
1047 2255 1070 2299 b.
1092 2255 1109 2300 l.
1122 2251 1170 2313 su.

59 2334 116 2369 utro
134 2336 198 2367 nour.
219 2334 275 2381 gen.
294 2322 351 2367 lem.
370 2322 449 2378 posuit
467 2334 512 2377 pro
526 2318 650 2383 praefica.
678 2321 732 2366 Gfr.
752 2321 939 2378 septennem.
958 2323 1056 2368 lentiore
1074 2322 1121 2379 tto.
1143 2321 1168 2368 3.

505 2550 720 2565 “
