2736 4748
50 472 150 534 Laeta
174 467 255 534 meri
278 478 395 545 mater,
420 489 502 552 quae
523 467 645 551 crispas
668 468 808 536 molliter
829 492 908 538 uvas

111 573 234 635 Intcxis
257 569 348 633 lentis
371 569 459 633 ebria
481 560 681 652 palmitibus,

51 676 180 739 Fronde
201 686 254 738 tua
279 673 402 735 veletur
422 671 638 736 Anacreionta
660 672 807 736 columna

113 776 205 858 Quae
230 786 321 839 notat
343 787 374 839 et
398 774 499 838 tenuis
522 795 584 857 quia
607 774 761 854 sepelitur
783 775 915 852 humus3

51 878 96 941 Ut
112 870 228 953 sitiens
251 876 317 939 vini
338 887 600 958 comessatorque
623 895 681 955 per
703 894 828 939 omnem

114 980 252 1042 Noctem
277 979 314 1040 de
337 975 429 1059 pueri
450 977 555 1057 pulset
577 996 688 1039 annone
711 976 838 1058 chelyn.

52 1080 145 1142 Nunc
165 1078 324 1160 etiamque
345 1087 432 1160 tegat
455 1078 493 1140 de
515 1077 659 1158 pulchris
682 1078 766 1141 sacta
788 1078 921 1142 racemis

113 1181 152 1242 In
175 1191 279 1242 terras
300 1178 382 1261 lapsi
403 1178 483 1241 festa
507 1200 629 1242 corona
650 1192 767 1260 caput,

52 1283 123 1344 Nec
144 1280 268 1344 Bromii
289 1279 330 1343 sit
352 1279 437 1343 roris
460 1301 579 1364 egeus,
604 1302 670 1363 quo
693 1281 816 1346 dulcius
838 1282 911 1368 ipso
961 1328 965 1334 -

115 1381 259 1464 spiravit
281 1381 388 1465 lepido
410 1401 537 1445 carmen
559 1384 600 1445 ab
623 1402 680 1446 ore
702 1404 815 1448 senex.

585 1566 640 1635 38.

53 1685 185 1771 cingat,
210 1685 638 1773 Anacreionpquadruplex
660 1699 712 1752 tua
734 1690 825 1771 busta
848 1694 1044 1773 coryrubus,

115 1790 158 1852 Et
180 1810 262 1872 qliae
285 1800 454 1852 vernantes
476 1811 618 1872 purpura
646 1792 746 1854 vestit
771 1813 887 1876 agnou

53 1889 209 1953 Fontibus
232 1903 355 1954 emanet
377 1890 461 1953 nivei
484 1895 568 1954 bona
590 1892 683 1974 copia
705 1893 815 1969 lactis,

115 1993 240 2055 Fundat
263 1993 390 2056 odorati
410 1994 526 2073 pocula
549 2004 635 2057 terra
657 1994 755 2070 meri,

52 2093 96 2158 Ut
116 2093 240 2156 cineres
263 2096 399 2157 habeant
420 2117 485 2179 quo
503 2095 704 2160 'delectentur
725 2108 756 2159 et
778 2116 870 2172 ossa,

114 2195 149 2258 si
171 2195 245 2280 quiid
267 2197 357 2258 dulce
379 2209 483 2260 tanuen
506 2199 659 2261 Manibus
682 2219 751 2261 esse
772 2210 899 2281 potesta

52 2298 83 2362 0
110 2297 161 2360 cui
184 2319 259 2364 cara
282 2298 343 2361 suit
365 2321 490 2381 semper
512 2300 580 2380 lyra
604 2301 732 2384 vitaque
754 2321 879 2366 amores
909 2373 912 2381 ¹

113 2401 205 2466 Inter
227 2411 259 2465 et
282 2413 416 2487 argutos
441 2403 597 2467 velificata
613 2405 743 2467 modos!

585 2590 640 2655 39.
666 2610 671 2617 ¹

51 2707 113 2791 Qui
135 2704 253 2769 transis
275 2706 327 2769 hic
347 2713 466 2792 hospes
490 2708 705 2776 Anacrcionta
726 2691 904 2793 sepultuiu,

114 2813 229 2878 Sitibi
250 2815 324 2898 quid
348 2827 473 2899 gratum
495 2813 610 2897 pagina
633 2822 742 2875 nostra
765 2811 869 2874 dcdit:

49 2915 119 2992 Da,
143 2936 250 3001 rogo,
274 2938 355 3000 quae
377 2916 476 2979 cineri
497 2917 641 2997 placeant
663 2915 810 2977 libamina
833 2924 967 2993 nostro,

113 3021 159 3082 Et
181 3041 247 3081 ruea
272 3021 417 3081 Leuaeus
439 3019 568 3101 proluat
591 3037 663 3081 ossa
687 3015 814 3100 liquor:

50 3120 195 3184 Auribus
217 3134 251 3184 ut
273 3121 373 3184 teneri
397 3142 462 3182 vox
484 3139 610 3201 semper
632 3130 724 3201 grata
748 3115 871 3197 Lyaei,

114 3223 180 3302 Qui
201 3223 290 3305 dapis
312 3233 344 3285 et
364 3224 481 3286 Musae
503 3241 606 3301 nuper
627 3221 772 3282 alumnus
795 3239 902 3297 eram,
1017 3292 1020 3297 p

50 3325 144 3388 Haec
166 3345 295 3407 quoque
318 3345 381 3387 non
404 3324 537 3386 tolcreur
560 3321 644 3385 dulci
665 3322 732 3385 sine
754 3341 882 3385 munere
905 3306 1025 3384 Bacchi
1058 3292 1061 3301 ¹

114 3420 397 3505 Huinano'generi
419 3419 523 3483 debita
546 3430 636 3483 vasta
657 3418 743 3483 loca.

584 3606 639 3669 bb.

51 3730 190 3793 Tantum
213 3727 297 3793 victa
318 3738 392 3791 tuae
414 3727 545 3812 qiraevis
568 3712 675 3806 chelys
697 3725 795 3788 altera
817 3722 919 3800 cedit,
1082 3724 1091 3743 ·“

116 3818 277 3909 Quantulo
300 3851 340 3892 ex
362 3830 511 3893 hinnuleo
533 3829 610 3893 tibia
632 3830 718 3892 lacta
740 3829 848 3891 tubae.
915 3872 919 3877 ,

50 3933 124 3997 Nec
143 3930 265 3995 frustra
286 3931 318 3995 in
340 3931 457 3997 teneris
478 3951 610 3994 examen
633 3930 724 3992 dulce
745 3926 889 4005 labellis,

115 4032 207 4096 Sedit
230 4045 262 4097 et
283 4034 410 4109 affudit,
435 4032 594 4110 Pindaro,
617 4031 708 4095 mella
730 4031 800 4095 tibi.
1085 4110 1088 4115 γ

52 4133 218 4219 Corniger
239 4135 398 4200 Arcadiae
419 4134 508 4198 testis
529 4136 641 4211 Deus,
665 4132 691 4196 is
714 4145 767 4197 tua
790 4152 924 4217 namque
984 4194 989 4201 ,
1150 4130 1170 4193 5

66 4288 87 4311 -,
115 4236 263 4303 Carmina
286 4236 438 4321 depositis
458 4248 566 4300 cantat
587 4235 805 4304 arundinibus.
851 4300 854 4306 ,
