2762 4760
46 340 243 425 Contingunt
265 339 367 404 mellis
392 337 479 403 dulci
499 338 649 425 flavoque
670 339 818 427 liquore,

45 446 86 509 Ut
105 464 280 525 puerorum
300 454 386 505 aetas
403 439 588 523 improvida
610 439 792 508 ludificetur

44 547 226 609 Labrorum
248 555 357 620 tenus3
380 542 501 608 interea
518 555 672 626 perpotet
693 566 831 607 amarum

45 646 196 710 Absinthi
219 645 345 710 laticem
369 649 565 730 deceptaque
588 666 654 709 non
678 644 839 728 capiatur,

44 749 105 810 Sed
126 745 236 829 potius
259 746 453 809 taliatlaetu
474 758 618 809 recreata
642 747 801 810 valescat:

44 847 97 910 Sic
118 868 183 931 ego
206 867 309 920 nunc,
332 843 482 929 quoniam
501 847 580 908 haec
600 846 686 910 ratio
707 847 896 932 plerumque
918 848 1045 913 videtur

45 946 191 1011 Tristior
209 968 294 1021 esse,
317 946 433 1030 quibus
452 967 518 1010 non
540 958 587 1010 est
606 958 762 1023 tractata,
785 960 940 1034 retroque

44 1048 175 1131 Volgus
198 1048 354 1110 abhorret
377 1050 416 1109 ab
436 1049 515 1122 hac,
538 1047 628 1112 volui
645 1047 705 1111 tibi
725 1048 963 1134 suaviloquenti
1120 1052 1161 1112 90

45 1147 198 1212 Carmine
215 1148 326 1215 Pierio
346 1148 504 1212 rationem
521 1170 685 1231 exponere
705 1161 847 1215 nostram

46 1252 88 1312 Et
110 1249 204 1334 quasi
227 1252 364 1315 Musaeo
389 1248 474 1313 dulci
497 1249 685 1334 contingere
712 1252 821 1326 melle3

28 1350 80 1420 ,si
99 1351 163 1414 tibi
185 1351 274 1414 sorte
297 1351 433 1414 anirnum
453 1349 509 1414 tali
526 1351 651 1416 ratione
673 1363 782 1417 tenere

45 1453 206 1516 Versibus
228 1452 260 1515 in
282 1453 401 1516 nostris
420 1474 564 1535 possem,
587 1456 660 1516 dum
684 1453 825 1536 percipis
846 1476 970 1522 omnem

45 1556 202 1617 Naturam
223 1577 330 1618 rerum
350 1577 389 1618 ac
408 1555 566 1637 persentis
585 1553 765 1620 utilitatem.
843 1543 845 1548 ¹
1122 1561 1161 1622 25

327 1758 330 1763 ·
416 1743 495 1805 Lm.
511 1744 559 1806 V.
583 1764 618 1806 v.
636 1744 787 1808 1-235.
822 1716 830 1725 Ι

109 1860 194 1942 Quis
213 1861 300 1944 potis
322 1870 370 1924 est
391 1860 522 1946 dignum
541 1864 677 1945 pollenti
695 1875 831 1947 pectore
855 1884 982 1948 carmen
1017 1909 1050 1941 ,.

14 2030 15 2035 ,
45 1962 201 2028 Condere
221 1985 283 2045 pro
304 1985 411 2027 rerum
435 1963 596 2029 maiestate
612 1966 725 2051 hisque
745 1961 910 2048 repertis?

45 2065 171 2145 Quisve
192 2065 277 2129 valet
302 2066 408 2129 verbis
432 2077 570 2142 tantum,
593 2066 649 2151 qui
670 2069 793 2151 lingere
812 2067 921 2130 laudes

43 2168 116 2230 Pro
141 2165 263 2230 meritis
285 2166 352 2231 eius
372 2167 492 2249 possit,
515 2167 572 2254 qui
591 2168 668 2232 talia
689 2168 785 2232 nobis

43 2269 190 2333 Pectore
208 2280 299 2349 parta
324 2291 382 2333 suo
401 2270 608 2354 quaesitaque
631 2269 772 2351 praemia
793 2268 912 2353 liquit?

42 2372 173 2446 Nemo,
196 2381 230 2435 ut
251 2370 386 2452 opinor,
409 2370 472 2434 erit
489 2370 619 2435 mortali
641 2392 784 2454 corpore
807 2381 926 2434 cretus.

41 2474 133 2535 Nam
156 2471 203 2548 si,
226 2483 260 2534 ut
277 2473 345 2554 ipsa
364 2471 446 2554 petit
468 2472 613 2536 maiestas
634 2470 765 2555 cognita
789 2493 914 2549 rerum,

40 2573 231 2640 Dicendum
250 2585 316 2653 est,
338 2576 427 2639 Deus
441 2574 496 2638 ille
518 2574 595 2651 fuit,
617 2576 724 2650 Deus,
744 2572 863 2637 inclute
884 2573 1036 2649 Memmi,

41 2676 114 2758 Qui
135 2675 287 2759 princeps
311 2676 395 2740 vitae
415 2677 573 2742 rationem
593 2674 718 2740 invenit
738 2697 825 2751 eam,
849 2697 930 2760 quae

40 2780 145 2841 Nunc
166 2779 344 2861 appellatur
366 2778 544 2860 Sapientia;
567 2777 687 2863 quique
708 2798 768 2859 per
789 2788 889 2841 artem

38 2878 219 2944 Fluctibus
242 2880 376 2944 stantis
397 2878 495 2945 vitam
518 2878 677 2965 tantisque
698 2879 840 2943 tenebris

39 2982 84 3045 In
105 2992 173 3044 tam
195 2982 370 3066 tranquillo
392 2993 425 3045 et
446 2992 510 3045 tam
531 2982 617 3045 clara
639 2974 710 3046 luce
729 2981 864 3046 locavit.

111 3081 241 3147 Confer
262 3082 347 3146 enim
369 3083 477 3146 divina
500 3082 636 3148 aliorum
659 3083 788 3169 antiqua
808 3091 959 3166 reperta:

40 3187 199 3269 Namque
222 3184 322 3250 Ceres
343 3185 448 3250 fertur
470 3185 582 3270 fruges
604 3184 771 3269 Liberque
789 3183 926 3268 liquoris

39 3333 125 3376 Wak.
140 3331 199 3374 dicit
215 3343 280 3385 „pro
294 3331 393 3387 pulchra
408 3332 523 3376 varietate
541 3344 568 3375 se
590 3332 754 3386 amplexurum
774 3329 864 3385 tuisse,
890 3331 910 3373 si
929 3328 984 3374 libri
1003 3331 1167 3386 1111111111-

38 3400 170 3447 xisscnt.'’
204 3399 226 3443 A
244 3413 291 3457 qno
309 3401 397 3445 iudicio
415 3414 495 3446 meum
511 3413 596 3446 rursus
614 3401 715 3444 inultum
732 3400 813 3447 distat.
870 3396 912 3444 13.
936 3398 1076 3458 Adspirant
1093 3401 1171 3458 Quiu-

37 3465 225 3524 tit.3,1‚t.
271 3466 313 3514 17.
333 3470 380 3513 tart
396 3484 413 3513 α
430 3475 498 3514 tuctu
515 3470 592 3515 Codd.
609 3471 683 3527 aliq,
708 3468 780 3514 etiem
796 3468 827 3513 E.
843 3468 905 3513 Eud.
920 3473 979 3513 vett.
994 3468 1040 3513 Ar.
1060 3492 1094 3503 -
1121 3471 1168 3515 salt

37 3545 119 3585 tactu
132 3538 165 3582 Α.
179 3538 209 3584 1..
220 3537 251 3581 fl.
270 3539 327 3593 (tuli
337 3534 412 3597 secto
426 3538 455 3594 1,
477 3536 535 3585 911.
556 3553 602 3597 quo
615 3539 660 3584 boc
672 3552 764 3596 quoque
778 3539 832 3582 loco
844 3539 952 3581 alludunt
962 3537 1039 3582 Codd.
1053 3539 1168 3585 lectiones

37 3624 57 3654 α
72 3613 162 3661 tacto,
177 3605 293 3663 utiocto.)
312 3606 411 3665 [Recepi
429 3623 492 3653 nurse
508 3608 647 3653 facillimam
665 3608 741 3652 Forb.
758 3607 948 3652 emendationem
960 3611 1054 3651 attactu
1065 3607 1169 3653 feliciter
1232 3628 1236 3645 ·

27 3674 378 3736 ‘firmatamaCdmcoCJ
426 3675 469 3722 24.
485 3679 600 3737 percipie
612 3677 673 3722 Cdd.
687 3677 759 3721 etiarn
772 3675 843 3722 (ΒΕ.
855 3675 916 3719 Ε11.
928 3680 987 3720 vett.
1001 3676 1044 3721 W.
1054 3676 1084 3722 F.
1108 3691 1168 3735 per·

38 3746 131 3804 epicis
146 3744 193 3789 Ar.
211 3744 241 3789 L.
261 3746 292 3791 Η.
312 3751 337 3790 ct
361 3745 390 3800 1,
415 3744 474 3792 948.
494 3748 546 3792 sine
567 3760 620 3791 var.
657 3745 790 3801 Utrobique
809 3749 889 3790 autem
905 3745 969 3790 idem
987 3746 1038 3792 sive
1052 3747 1168 3804 percipie
1229 3773 1236 3783 ι

38 3816 179 3872 praefers,
199 3817 261 3871 quod
279 3814 356 3873 magis
374 3817 432 3861 mibi
451 3818 542 3872 piaret,
563 3819 613 3860 siae
628 3813 759 3872 perspicis
776 3816 921 3870 ponendum.

469 3941 525 3985 Lm.
539 3941 571 3984 V.
590 3952 614 3984 v.
630 3935 751 3985 1-235.

101 4030 129 4078 2.
150 4031 187 4076 lta
199 4028 397 4083 l.an1b.eMss.,
412 4029 491 4076 nteit.
506 4051 539 4062 -·
556 4027 745 4088 maiestatisque
756 4029 864 4088 repertis
876 4027 1047 4084 cedmteriq„
1061 4026 1168 4072 etiamC.
1206 4061 1209 4067 .

37 4104 78 4150 E.
95 4101 161 4146 Ede.
182 4104 242 4144 vett.
274 4119 304 4131 —
333 4099 475 4143 maiestatis
492 4102 564 4157 atque
582 4112 605 4144 r.
631 4097 691 4143 Cdd.
712 4100 770 4156 aliq.
796 4099 843 4143 Alii
863 4099 978 4154 deniqne,
1006 4099 1067 4140 teste
1082 4095 1168 4140 Lamb.

38 4173 186 4218 maiestate
201 4174 273 4228 etque
284 4182 307 4213 r.
346 4165 371 4212 3.
388 4164 496 4226 sundere
508 4167 538 4212 L.
556 4188 591 4202 -
607 4168 715 4229 pingere
725 4168 775 4213 Gis.
796 4168 909 4212 Nostram
925 4167 979 4209 lert.
991 4162 1123 4209 minante..
1137 4165 1168 4210 Ε.

39 4238 93 4291 13.
106 4241 213 4286 illorum
224 4239 270 4284 Cd.
279 4236 303 4283 1.
314 4237 382 4286 Brix.
392 4240 452 4284 Ver.
462 4240 525 4285 Van.
535 4243 650 4296 perpetua
660 4238 809 4285 confusione.
828 4237 926 4281 Rectam
938 4234 995 4278 teet.
1005 4232 1092 4278 babent
1101 4233 1131 4279 C.
1138 4233 1169 4278 E.
