2772 4750
1092 145 1152 206 128

39 304 132 375 ipsam
147 288 314 372 Everg‘etae
334 293 555 369 expeditionem
576 294 608 348 in
624 292 746 366 Syriam
762 297 883 370 nuptias
905 298 999 352 fuisse
1019 296 1154 354 celebra-

36 405 80 447 tas
96 412 124 447 a.
144 391 200 448 246
214 389 262 444 vel
278 391 362 454 215.;
384 403 480 460 neque
501 403 535 440 ea
555 387 586 440 in
608 404 642 441 re
662 397 712 441 aut
723 386 787 443 falli
812 398 863 443 aut
883 389 1020 445 consulto
1033 392 1154 446 mentiri

37 493 154 558 poterat
174 480 384 536 Callimachus.
424 477 570 532 Foscolus
597 478 716 552 quidem
738 480 816 534 inter
836 481 964 553 primum
990 499 1024 541 ac
1045 500 1154 537 secuu-

39 576 113 639 dum,
126 572 237 629 bellum
256 590 306 626 eas
322 571 423 644 pouit;
444 568 576 625 Vaillant
593 570 712 624 casdem
725 570 767 633 ad
787 589 814 625 a.
833 572 897 627 210.
919 574 1022 628 refert.
1062 573 1154 630 Calli-

39 667 136 722 machi
156 683 231 720 vero
253 674 341 737 atquc
361 662 475 735 Hy'gini
496 644 701 733 testimonium
725 678 761 713 eo
779 677 825 713 me
853 659 952 727 ducit,
982 672 1016 716 ut
1035 661 1154 737 Magum

40 758 295 814 cheitmarus.
317 764 467 809 mortuum
488 770 553 808 esse
578 749 720 806 arbitrer.
760 751 841 806 Nihil
864 753 943 807 enini
965 753 1101 825 profecto
1121 755 1155 808 in

40 867 144 903 caussa
165 858 228 914 est,
262 865 316 901 cur
334 855 514 909 statuamus,
543 861 610 899 eum
630 845 730 898 statim
751 854 821 915 post
845 842 987 916 Ophellae
1010 843 1155 899 defectio-

40 959 123 1007 nem,
145 960 173 994 τ.
195 945 260 998 507.
281 937 408 1008 Cyrenis
428 937 519 991 fuisse
539 936 740 1008 praelectum,
772 953 829 1009 qua
853 953 892 988 ex
915 937 1030 991 ratione
1052 937 1154 1010 utique

40 1035 121 1087 circa
143 1051 172 1086 a.
194 1037 259 1091 258.
285 1029 414 1094 obierit,
447 1044 571 1083 necesse
594 1037 649 1081 est.
691 1026 747 1092 At,
779 1028 830 1100 qui
849 1027 891 1082 ita
913 1037 1064 1094 statuunt,
1096 1046 1156 1101 quo

40 1123 159 1179 tandem
187 1119 334 1194 probabili
367 1138 499 1194 unquam
526 1128 708 1192 'argumento
740 1119 896 1184 evincent,
932 1120 1068 1192 Apamen
1100 1136 1157 1192 per

41 1214 198 1270 duodecim
218 1214 374 1266 minimum
394 1211 717 1277 annos·(258-2l16.l
746 1206 825 1265 filiae
845 1210 1071 1265 matrimonium
1099 1210 1160 1277 difff

39 1307 118 1361 ferre
145 1302 300 1377 potuisse?
350 1301 458 1358 Ouinia
478 1303 573 1368 cuim,
609 1318 683 1374 quae
710 1300 841 1356 Iustinus
871 1302 983 1367 tradit,
1015 1301 1161 1359 breviore

41 1407 122 1452 certe
142 1396 287 1467 temporis
314 1395 411 1466 spatio
444 1395 565 1448 evenire
588 1390 766 1447 debuerunt.
807 1389 868 1447 Sed
887 1386 981 1466 longe
997 1392 1157 1449 falsissima

39 1488 148 1561 procul
163 1486 252 1540 dubio
267 1495 311 1539 est
333 1486 435 1559 opinio
455 1480 793 1556 Charopollion-Figeae
807 1483 888 1537 Anu.
910 1482 962 1539 des
982 1470 1056 1558 hag.
1074 1485 1111 1540 T.
1128 1493 1154 1540 2.

38 1598 69 1651 p.
86 1586 147 1644 28„
168 1579 218 1652 qui
233 1578 346 1632 elevato
362 1577 509 1632 Athenaei
526 1575 562 1630 de
579 1576 834 1649 quinquagenaria
849 1576 954 1649 llllagae
968 1576 1157 1648 praefectura

39 1669 229 1732 testimonio,
251 1667 434 1740 calidiusque
457 1676 578 1739 arrepta
599 1684 673 1740 vaga
697 1665 748 1720 illa
769 1666 878 1721 Instini
901 1671 954 1734 26,
976 1672 1004 1725 5.
1020 1668 1159 1737 paridem

40 1757 151 1831 tempas
163 1759 307 1822 formula,
329 1758 433 1832 Magne
448 1757 659 1824 defectionem,
674 1757 835 1813 Berenices
847 1759 1015 1832 sponsalia,
1037 1760 1157 1833 nuptias

40 1850 76 1906 ab
94 1850 213 1923 Apama
232 1849 354 1915 dilatas,
377 1849 552 1923 easdemque
573 1848 738 1904 celebratas
759 1851 836 1904 iutra
860 1868 972 1904 annom
985 1856 1051 1908 270.
1070 1870 1159 1906 coar·
1245 1858 1249 1864 '

39 1953 100 2008 tat,
137 1939 178 1996 ob
213 1943 319 2001 unius·
336 1939 447 1997 Suidae
472 1942 693 2009 testimonium,
728 1941 834 2015 quiin
860 1958 934 1996 voce
960 1941 1165 2018 Καλλίμαχοςι

40 2034 78 2090 Τ.
98 2040 127 2088 2.
149 2032 237 2087 Kust.
259 2049 327 2106 pag.
345 2038 410 2090 252.
432 2060 469 2075 -·
487 2032 658 2110 παρέτεινε,
674 2033 787 2107 inquit,
808 2031 899 2110 μέχρι
917 2034 972 2089 τοῦ
991 2030 1160 2108 Εὐεργέτου

38 2123 212 2196 κληθέντος
230 2124 432 2201 Πτολεμαίου.
465 2120 634 2200 Ὀλυμπιὰς
653 2121 683 2180 δὲ
702 2123 742 2197 ἦν
761 2124 848 2198 ῥκζ’,
877 2114 916 2196 ἧς
927 2119 1016 2181 ’κατὰ
1034 2119 1070 2179 τὸ
1089 2119 1159 2179 δεύ-

37 2235 131 2292 τερον
163 2211 229 2278 ἔτος
254 2214 271 2272 ὁ
296 2214 462 2290 Εὐεργέτης
485 2215 603 2294 ᾖρξατο
633 2216 686 2288 τῆς
710 2214 875 2292 βασιλείας.
922 2213 1017 2283 Ουτοι
1044 2214 1160 2269 scilicet

39 2316 198 2360 auctorem
219 2306 245 2359 si
265 2322 442 2378 sequamur,
471 2304 659 2360 Ptolemaeus
685 2304 869 2378 Evergctcs,
901 2323 976 2378 puer
995 2316 1067 2360 tunc
1091 2313 1160 2358 octo

38 2398 103 2452 fere
123 2413 273 2449 annorum
294 2402 401 2461 (mater
419 2398 496 2448 euim
515 2397 579 2448 eius
601 2395 731 2448 Arsinoe
745 2395 958 2466 Lysimachia.
976 2401 1042 2454 281.
1058 2396 1161 2469 Aegy-

36 2498 126 2558 ptum
144 2490 347 2552 intraverat,)
373 2504 453 2540 anno
474 2487 617 2542 ia1n270;
647 2496 676 2540 et
694 2484 856 2541 Berenices
877 2487 987 2540 coniux
1014 2496 1043 2540 et
1064 2487 1161 2558 Cyre·
1205 2544 1208 2547 ,

36 2595 152 2630 narum
172 2576 329 2643 dominus,
364 2578 471 2651 viginti
494 2578 623 2651 quinque
648 2589 746 2632 autern
770 2588 839 2651 post
862 2595 956 2632 anuos
981 2578 1062 2644 (216)
1083 2577 1162 2633 idem
1189 2606 1194 2611 ¹

35 2687 133 2720 novus
146 2675 266 2719 maritus
279 2671 354 2735 erit,
378 2688 465 2743 quem
480 2668 680 2725 Callimachus
692 2668 773 2723 dicit.
789 2698 825 2711 -
846 2687 875 2723 τ.
894 2675 940 2725 11.
963 2686 1036 2721 novo
1050 2678 1162 2721 auctum

36 2762 199 2831 hymenaeo
216 2758 365 2833 significat
383 2760 535 2830 Cyrenas,
556 2779 630 2835 quas
649 2762 680 2816 in
697 2760 795 2815 dotem
815 2770 974 2832 acceperat
986 2760 1160 2833 Euergetes.

36 2868 66 2906 v.
89 2857 142 2906 22.
165 2849 267 2919 frater
288 2852 454 2924 appellatur
474 2851 637 2925 Euergetes
658 2851 819 2907 Berenices
839 2850 1004 2925 patruelis,
1026 2862 1059 2906 ut
1082 2852 1169 2907 Her-·

34 2944 144 2997 mione
157 2960 204 3014 ap.
217 2942 306 2997 Ovid.
317 2943 441 2998 Heroid.
458 2952 492 3010 8,
509 2949 556 3001 27.
575 2942 611 2996 de
628 2942 752 2998 Oreste:
773 2943 812 2994 Et
827 2949 853 2994 si
865 2962 921 2994 non
931 2962 1005 2994 esses
1017 2948 1065 2995 vir
1077 2943 1160 3009 mibi,

25 3033 143 3104 stater
160 3051 233 3088 eras.
256 3035 295 3088 ita
310 3034 404 3088 etalii
421 3052 451 3090 v.
465 3053 492 3089 e.
504 3034 629 3100 Florus,
649 3041 682 3099 5,
704 3042 757 3101 21,
778 3040 824 3091 27.
844 3035 983 3089 Perizon.
999 3034 1159 3090 Animadu.

33 3127 109 3180 hist.
139 3121 174 3178 C.
194 3130 221 3183 5.
237 3143 266 3197 p.
281 3129 329 3181 98.
350 3154 385 3169 -
404 3142 434 3179 v.
451 3128 498 3183 25.
517 3127 616 3176 honrem
632 3124 755 3195 facinus
773 3135 819 3179 est
840 3125 913 3179 illud
932 3127 1030 3198 ipsum
1045 3126 1162 3182 Iustino

33 3221 91 3283 26,
114 3221 147 3274 ὅ.
171 3227 387 3282 memoratum,
415 3235 467 3286 quo
485 3226 611 3287 stuprum
632 3222 749 3281 matris,
770 3218 854 3267 salva
869 3223 993 3289 pietate,
1021 3220 1082 3270 ulta
1102 3229 1163 3286 esi,

32 3318 68 3363 ut
92 3308 207 3380 primi,
239 3308 353 3371 frustra
375 3305 553 3382 obloquente
575 3295 754 3364 Villoisonio
773 3307 887 3382 Magas.
915 3309 1082 3384 Encyclop.
1105 3311 1162 3367 IX.

33 3397 141 3454 annde
160 3403 188 3453 2.
210 3417 241 3470 p.
263 3399 341 3465 518,
363 3399 575 3455 intellexerunt
596 3400 706 3454 Echhel
725 3400 830 3455 Doctr.
853 3400 942 3455 Num.
958 3410 991 3469 1,
1013 3407 1041 3458 1.
1060 3421 1091 3475 p.
1111 3408 1162 3471 15.

32 3501 65 3547 et
83 3491 287 3556 Viscontius,
308 3507 337 3544 v.
357 3490 380 3544 F
383 3490 518 3545 osculum
537 3509 567 3563 p.
585 3498 631 3550 28.
653 3501 681 3546 et
701 3491 839 3546 Visconti
858 3492 997 3567 Icouogr.
1017 3511 1062 3566 gr.
1080 3493 1117 3548 Τ.
1133 3501 1162 3554 5.

30 3601 65 3657 p.
83 3588 159 3637 221.
189 3579 317 3634 Leviora
339 3592 409 3635 sunt
426 3593 476 3636 aut
500 3582 595 3636 futilia
614 3582 682 3648 illa,
705 3580 813 3656 quibus
830 3585 1085 3656 magnanimitatis
1098 3585 1165 3641 lau-

30 3675 107 3729 dem
124 3691 143 3725 a
158 3669 341 3726 Callimacho
360 3674 482 3741 reginae
503 3672 685 3745 impertitam
706 3674 858 3746 explicare
876 3686 1004 3731 conatur
1026 3676 1164 3752 Hyginus

29 3762 53 3816 l.
63 3763 108 3827 li,
119 3760 157 3814 de
170 3758 279 3833 quihus
294 3761 381 3815 adeas
393 3761 633 3818 Valckenarium.
646 3767 705 3837 Τὴν
716 3765 877 3842 Βερενίκης
889 3768 1007 3843 τόλμαν
1020 3779 1166 3824 memorat

30 3856 135 3909 etiam
149 3850 295 3922 Polybius
310 3852 345 3919 ll,
360 3857 407 3910 56.
430 3871 459 3908 v.
477 3859 525 3912 55.
547 3864 574 3908 is
593 3854 670 3905 hacid
686 3861 716 3905 in
736 3865 858 3928 tempore
880 3859 990 3926 longo..
1020 3858 1165 3915 Similiter

29 3945 133 4018 plane
145 3942 291 4011 Polyaco.
301 3948 335 4007 8,
348 3948 394 3999 50.
411 3945 473 4000 ἀπὸ
486 3947 542 4003 τοῦ
557 3951 677 4023 Ταύρου
689 3946 781 4023 μέχρι
793 3949 847 4020 τῆς
856 3945 984 4019 Ἰνδικῆς
997 3949 1147 4023 ἐκράτησε
1154 3992 1164 4018 ,

29 4047 64 4091 et
85 4033 298 4104 Hieronymus
318 4035 350 4093 in
369 4035 524 4091 Danielem
545 4035 579 4093 G.
600 4042 646 4094 tt.
662 4037 749 4093 Tom.
762 4043 790 4097 5.
805 4058 836 4112 p.
853 4045 938 4099 1125.
955 4038 1067 4094 Beued.
1091 4039 1165 4090 Pto-

28 4127 168 4179 lemaeus
186 4124 343 4194 Evergetes
369 4132 441 4198 cepit
466 4157 496 4170 -
521 4129 636 4201 Syriam
661 4138 689 4182 et
712 4131 840 4184 Ciliciam
866 4136 1072 4198 stcperiorasque
1090 4147 1164 4197 par-
