2772 4750
25 376 130 459 Digna
152 377 255 449 ferat,
278 373 418 458 quodsi
441 367 512 457 quis
535 366 671 436 inaniter
692 374 865 438 adinrarit!

86 479 149 539 Sed
170 466 295 559 quisse
316 475 407 536 ferro
429 472 571 554 postulet
590 495 658 536 esse
680 475 813 555 parem?

26 577 83 638 Ille
101 597 233 659 quoqne
255 595 385 637 eversus
407 594 499 635 mons
517 585 582 647 est,
605 596 699 657 quem
720 575 889 638 maximum
911 575 944 638 in
963 575 1032 639 oris

84 675 267 758 Progenies
289 675 393 736 Thiae
411 674 497 735 clara
520 673 764 753 supervehitur:

27 778 129 855 Quom
153 774 248 838 Medi
269 774 421 855 pepulere
440 794 561 836 novom
583 795 670 835 mare
688 796 849 860 quomque
863 776 1010 840 iuventus
1096 780 1136 845 15

85 879 153 939 Per
173 874 309 937 medium
333 873 427 936 classi
448 876 588 934 barbara
606 873 694 935 navit
714 877 840 940 Athon.

28 975 110 1055 Quid
135 975 257 1037 facient
281 973 401 1047 crines,
425 995 522 1057 quom
545 974 636 1037 ferro
659 973 734 1036 talia
758 977 893 1039 cedant?

86 1075 253 1156 Iuppiter,
276 1085 310 1134 ut
332 1072 505 1150 Chalybdn
527 1093 620 1135 omne
642 1095 741 1155 genus
766 1088 878 1154 pereat

28 1178 69 1238 Et
88 1175 144 1258 qui
166 1172 331 1255 principio
355 1175 518 1234 subterra
542 1195 696 1255 quaerere
718 1196 814 1237 venas

86 1273 208 1358 Institit
229 1294 267 1334 ac
287 1258 368 1334 ferri
388 1273 538 1355 frangere
562 1273 727 1336 duritiem!
851 1270 853 1275 ’

27 1374 206 1438 Abiuoctae
228 1374 336 1452 paullo
359 1384 429 1434 ante
451 1393 561 1434 coritae
583 1394 652 1435 mea
672 1374 739 1434 fata
760 1395 891 1439 sorores

85 1476 279 1557 Lugebant‚
301 1493 454 1557 quom-se
479 1472 666 1535 Memnonis
690 1474 864 1555 Aethiopis

43 1699 77 1747 ιἰι
94 1697 147 1745 καὶ
166 1693 298 1763 σκληρὰν
319 1694 375 1761 γῆν
399 1692 565 1757 οἰκοῦντες,
594 1693 717 1767 ἐργάται
734 1690 819 1760 όνιις
836 1696 891 1749 τοῦ
909 1696 1041 1768 σιδήρου.
1076 1701 1138 1752 Κα-

24 1715 148 1815 ionem
166 1763 197 1813 δὲ
215 1763 309 1825 οὕτως
329 1759 387 1812 ἀπὸ
400 1759 558 1824 Χάλυβος,
575 1764 643 1814 υἱοῦ
655 1760 761 1835 Ἄρεος.
795 1766 952 1829 Μέμνηται
963 1764 1018 1815 τοῦ
1031 1761 1138 1831 ἔθνους
1163 1786 1165 1793 ·

26 1835 74 1882 καλ
91 1832 299 1896 Καλλίμαχος·
329 1827 476 1891 Χαλύβων
500 1828 539 1892 ὥς
564 1828 706 1882 ἀπόλοιτο
724 1835 810 1898 γένος
826 1830 942 1898 νειόθεν
960 1829 1138 1885 ἀντέλλοντα

26 1897 181 1970 (σίδηρον)
197 1899 291 1950 κακὸν
308 1896 405 1960 φυτὸν
423 1896 455 1947 ol'
469 1914 521 1962 μιν
544 1893 674 1962 ἔφηναν,
701 1903 836 1945 Politianus
854 1904 907 1945 inde
927 1906 1056 1957 exsculpsit
1075 1901 1138 1949 Cte-

25 1972 116 2029 tyren,
138 1972 202 2026 quod
218 1985 270 2014 cuin
285 1970 353 2012 Aldd.
368 1970 440 2010 rose.
457 1969 511 2031 Sili.
533 1971 638 2025 retinni;
666 1971 767 2012 maxime
785 1975 882 2023 propter
896 1972 1000 2015 Vitrnrii
1017 1968 1048 2024 4,
1068 1973 1091 2015 1.
1111 1974 1139 2016 in

26 2039 138 2082 Dorieon
158 2038 307 2082 civitatibue.
328 2042 351 2080 et
366 2042 493 2090 supersunt
510 2036 562 2079 eius
575 2037 666 2079 formae
681 2038 782 2092 vestigia
795 2039 864 2080 etiam
878 2038 901 2079 in
916 2038 991 2084 Codd.
1006 2039 1066 2092 Epp.
1084 2040 1137 2085 Cic.

28 2109 134 2151 Similem
151 2106 277 2150 flexionem
292 2105 353 2149 decl.
373 2106 490 2147 secundae
507 2103 583 2147 Codd.
595 2109 618 2146 et
629 2103 688 2146 Edd.
700 2110 757 2148 vett.
769 2110 900 2161 agnoscunt
912 2104 1081 2160 calumniat,
1095 2106 1136 2152 64.

27 2173 181 2218 Cimmeridn
197 2176 271 2217 etiam
293 2195 321 2208 -·
337 2173 381 2215 'ubi
400 2177 477 2215 tamen
496 2185 549 2213 cuin
569 2172 676 2214 Broulih.
695 2185 724 2215 ex
738 2170 751 2214 2
766 2173 840 2216 Codd.
861 2170 1049 2216 cimmeriorum
1063 2176 1138 2219 ettam

29 2243 101 2287 edidit
113 2243 240 2295 Huschke,
261 2242 301 2298 qui
314 2241 369 2283 Tib.
384 2241 420 2296 T.¹
430 2241 450 2282 1.
464 2252 487 2293 p.
503 2236 561 2282 264.
576 2233 689 2293 proponit
700 2238 826 2295 Iuppiter,
841 2246 866 2282 ut
875 2249 964 2295 pereat
974 2254 1045 2284 omne
1057 2256 1138 2300 genae

27 2308 180 2368 Chalybum,
200 2323 282 2364 parom
304 2309 469 2362 probabiliter.
489 2304 644 2364 (Chalybum
657 2310 678 2349 in
701 2308 778 2350 medio
791 2321 863 2350 versu
875 2308 983 2360 Lacbin.)
1000 2311 1086 2353 Valrk.
1100 2325 1140 2354 re·

28 2380 107 2431 cipere
119 2391 194 2420 ausus
207 2383 243 2420 est
254 2375 363 2420 wnnofn
377 2376 439 2418 coni.
455 2373 611 2418 Telchinum.
633 2376 661 2418 de
677 2375 761 2430 quibus
776 2376 828 2420 vide
841 2390 863 2419 v.
878 2390 899 2418 e.
914 2376 1036 2420 Neumann
1049 2378 1139 2423 ilerum

28 2444 148 2489 Creticae.
163 2459 227 2497 spec.
243 2459 266 2498 p.
279 2442 320 2488 38.
336 2450 359 2488 et
371 2456 430 2499 qnos
444 2444 476 2498 ibi
490 2444 577 2486 laudat.
598 2445 732 2499 „Vagautes
750 2449 805 2486 sunt
823 2444 930 2486 homines
949 2436 1076 2494 steronem'
1092 2446 1139 2490 Pe·

28 2514 155 2567 toponuesi
173 2514 315 2569 Cretamqne
340 2511 511 2567 antiquissimis
535 2512 682 2565 ternporibus
704 2512 853 2568 habitantes3
881 2513 974 2556 stabilia
993 2518 1140 2567 postremum
1216 2527 1220 2537 “

29 2583 98 2633 laiysi
117 2582 142 2623 in
163 2574 246 2623 Rhodo
265 2581 340 2623 insula
359 2581 420 2622 nacti
440 2584 496 2622 sunt
513 2571 647 2634 doinicilia3
677 2581 766 2632 primae
785 2581 902 2634 Apollinis
921 2586 1012 2624 statuae
1037 2580 1078 2636 (et
1096 2582 1138 2625 tri-

29 2650 103 2692 dentis
125 2649 249 2701 Neptunii.
263 2650 358 2692 Callim.
373 2649 401 2690 li.
417 2649 439 2689 in
452 2649 505 2694 Del.
517 2644 570 2700 30.)
588 2647 727 2691 ferebantur
745 2653 871 2691 auctores:
891 2650 1006 2692 scelerosi
1025 2653 1049 2692 et
1066 2652 1139 2692 male-

27 2715 65 2760 iici
84 2716 251 2771 perhibentur.
271 2717 334 2758 cet.”
365 2715 459 2757 Withof
474 2721 598 2768 praeterea
616 2716 719 2758 laudavit
742 2717 802 2759 stat.
826 2714 957 2768 Theb-2,
978 2713 1037 2760 271.
1066 2716 1138 2760 Ovid.

27 2787 87 2828 Met.
103 2783 133 2837 t,
153 2781 210 2827 3⁶5.
235 2783 376 2837 (eicelicum
393 2784 455 2827 Seal.
482 2782 576 2826 Ceitum
592 2784 678 2835 Voss.)
731 2781 773 2827 50.
790 2781 918 2842 frangere
937 2778 1012 2827 Cndd.
1033 2786 1140 2840 plerique

26 2854 98 2895 Aldd.
111 2852 201 2894 Valet.
223 2873 251 2882 -
264 2848 387 2908 fringere
401 2852 460 2893 Cod.
476 2851 499 2894 3.
520 2873 553 2883 -
578 2847 736 2909 (infringere
749 2852 826 2903 sint.)
847 2871 876 2881 -
889 2851 992 2912 fingere
1005 2850 1065 2894 Cod.
1083 2853 1140 2894 Am·

27 2921 94 2963 bros.
110 2920 143 2961 Α.
161 2921 234 2961 Voss.
254 2920 325 2962 Fosc.
381 2917 424 2961 51.
443 2917 563 2973 abruptae
576 2920 640 2963 Scal.
658 2920 744 2962 eCod.
769 2919 873 2971 Propter
891 2921 944 2961 adv.
961 2920 1049 2974 paullo
1066 2925 1137 2972 ante,

27 2990 89 3044 quod
108 2989 141 3029 ad
161 3000 253 3029 comam
271 2987 333 3029 inter
352 2983 430 3029 sidera
448 2988 562 3039 relatam,
591 3001 637 3029 nnn
661 3000 719 3030 vero
743 2988 772 3028 ad
790 2987 896 3041 reliquos
914 2987 1043 3030 Berenices
1062 2989 1140 3030 crines

27 3057 153 3099 referatur
172 3068 268 3098 necesse
287 3059 336 3106 est,
357 3055 515 3106 interpretare
535 3055 715 3101 canacieria
736 3059 759 3098 et
775 3054 876 3097 Valck.:
903 3066 1004 3096 eororer
1021 3055 1142 3112 lugebant

26 3137 82 3166 mea
98 3120 166 3180 sato
188 3135 272 3164 comae
292 3122 380 3176 paullo
403 3127 460 3163 ante
479 3122 618 3164 abiunctae.
638 3122 706 3177 (casu
724 3119 850 3175 secondo.)
878 3123 932 3173 „sic
950 3133 1004 3162 mea
1019 3123 1141 3176 patientie

26 3192 163 3241 memdra5
192 3203 261 3232 eneae
285 3190 394 3231 ιιιιιιιαι
412 3189 534 3250 flammae
562 3195 586 3232 et
609 3191 696 3233 similia
719 3191 837 3232 dixerunt.
868 3202 891 3231 v.
913 3187 995 3231 Heius.
1018 3190 1047 3230 ad
1069 3188 1139 3232 Ouid.

27 3260 85 3305 fler.
96 3255 129 3310 5,
148 3254 206 3300 15.”
217 3259 302 3301 ancli.
341 3254 382 3300 52.
402 3256 544 3300 Memnonia
558 3258 694 3315 unigenam
707 3259 735 3300 ab
750 3258 882 3308 interprett.
896 3257 957 3298 ialso
970 3255 1076 3299 habitum
1088 3268 1141 3300 esse
1157 3280 1159 3284 v
1181 3265 1184 3269 ’

26 3341 69 3381 pro
84 3326 217 3379 Zephyro,
237 3326 345 3368 Aurorae
364 3339 417 3367 cnm
434 3327 534 3381 reliquis
552 3328 628 3369 ventis
645 3324 695 3369 filio
714 3325 823 3380 (Hesiod.
838 3325 931 3380 'Pheop
947 3321 1024 3377 378),
1045 3326 1142 3367 demon·

27 3396 114 3437 stravit
142 3394 218 3435 Morti
244 3394 303 3446 (Del
325 3393 422 3435 Cavatlo
446 3395 509 3436 alato
533 3394 673 3447 ‹t’m-stnoe,
705 3390 941 3449 lettere'filelogiche
960 3393 982 3433 di
1001 3394 1032 3437 V.
1052 3390 1140 3435 Menti.

26 3463 121 3504 Milano
148 3458 223 3504 tant.
244 3459 282 3509 8.)
312 3463 420 3513 „Verum
448 3460 604 3517 significatum
631 3463 725 3515 aperire
752 3461 894 3502 Pausaniam
918 3460 1003 3506 Boeot.
1024 3457 1065 3502 31.
1092 3460 1144 3507 nal
1212 3512 1218 3519 ,

25 3523 181 3596 Ἀρσινόης
198 3525 277 3575 ἐστὶν
295 3524 327 3574 ἐν
342 3522 478 3575 Ἑλικῶνι
501 3523 602 3581 εἰκών,
632 3523 669 3590 ἢν
686 3525 869 3590 Πτολεμαῖος
887 3520 997 3589 ἔγημεν
1014 3521 1144 3588 ἀδελφός

26 3589 82 3643 ὤν’
108 3591 168 3657 τὴν
186 3593 216 3642 δὲ
236 3589 385 3662 Ἀρσινόην
408 3592 557 3663 στρουθὸς
578 3595 663 3663 φέρει
683 3592 778 3656 χαλκῆ
796 3596 854 3642 τῶν
872 3589 1017 3656 ἀπτήνων.
1053 3595 1142 3637 Eadem

26 3666 101 3721 igitur
120 3664 202 3706 forma
219 3664 292 3706 fuisse
310 3665 437 3720 imaginem
455 3664 570 3707 Arsinoes
589 3676 610 3708 s.
629 3665 731 3708 Veneris
751 3663 918 3716 Zephyritidos
936 3663 959 3705 in
978 3665 1144 3716 promontorio

27 3733 156 3786 Zephyrio
175 3730 287 3787 perqubm
306 3733 419 3774 credibile
439 3743 508 3787 esse3
533 3733 678 3775 struthiones
696 3737 775 3774 antem
793 3731 938 3774 Ptolemaeis
953 3731 1026 3775 inisse
1043 3732 1066 3775 in
1085 3733 1159 3782 deli-‚

26 3802 72 3851 ciis
92 3805 208 3842 constare
228 3813 256 3842 ex
274 3799 440 3852 Athenaeo5‚
461 3798 486 3842 8.
514 3797 571 3855 (nbi
595 3802 617 3843 in
642 3799 790 3852 Philadelphi
815 3810 899 3852 pompa
917 3800 1032 3843 Bacchica
1055 3813 1145 3842 tuerno-

26 3873 117 3911 rantnr
138 3862 294 3933 στρουθῶν
312 3865 469 3935 συνωρίδες
486 3860 588 3926 ὀκτώ).
619 3869 782 3911 Struthionem
796 3867 869 3924 igitur,
891 3881 944 3911 esee
965 3867 1078 3910 famulum
1098 3868 1144 3910 Ze·

26 3937 182 3990 phys-itidem
204 3937 243 3989 (ut
255 3949 345 3989 aprum
354 3935 519 3994 Calydonium
530 3937 619 3980 Dianae
629 3968 636 3990 ,
651 3934 720 3980 Ovid.
732 3936 791 3978 Met.
805 3934 835 3989 8,
850 3933 909 3979 272.
928 3948 1027 3977 ceream
1039 3936 1145 3977 eiusdem

27 4006 94 4047 Deae
109 4004 155 4047 sn.
175 3999 220 4055 13,
240 4000 299 4046 123.
318 4005 414 4061 leonem
424 4002 574 4048 Nemeaeum
592 4006 676 4048 idaeae
694 4005 777 4046 matris
794 4003 879 4046 Manil.
899 4000 929 4056 ¹i,
950 4000 1008 4047 760.
1034 4001 1146 4058 aquilam

27 4073 95 4115 iovis
110 4073 194 4114 luten.
214 4068 245 4113 1-1
253 4102 260 4124 ,
281 4069 324 4114 81.
349 4078 488 4130 cerpentem
507 4072 616 4117 Anchisia
634 4073 703 4128 vng.
720 4072 781 4115 Aen.
802 4071 831 4124 5,
852 4066 893 4117 95.
913 4072 1017 4126 itemque
1027 4066 1146 4112 Naiadum

27 4136 120 4192 snt,
141 4137 202 4182 288.
222 4153 364 4197 quamquam
378 4146 402 4184 et
420 4136 566 4196 Zephyrus,
588 4134 652 4197 'qnod
671 4141 789 4182 Montium
802 4138 876 4196 fugit,
904 4137 1026 4191 Cupidinis
1044 4135 1147 4178 fainulns

27 4211 131 4251 vocatur
148 4208 239 4262 Appui.
253 4208 313 4253 net.
329 4208 353 4253 5.
367 4222 392 4264 p.
410 4204 471 4254 ³3⁰.
490 4207 569 4269 Qud.)
604 4208 688 4266 Neque
704 4208 800 4250 obstare
818 4210 913 4258 censet,
932 4205 995 4258 quod
1012 4201 1114 4245 sunnio
1133 4217 1148 4244 a
