2762 4760
39 342 136 417 Hoc,
160 351 195 404 ut
216 341 352 426 opinor,
376 342 412 406 id
433 353 496 419 est,
520 363 602 408 aevo
621 341 759 407 florente
780 344 903 427 puellas

39 444 140 524 Quod
163 455 341 509 memorant
360 443 488 508 laticem
509 455 674 527 pertusum
702 466 881 529 congerere
904 443 937 508 in
962 466 1034 520 vas,

40 546 142 626 Quod
163 557 268 611 tamon
289 544 416 630 expleri
439 546 524 609 nulla
544 546 672 612 ratione
695 559 855 630 potestur.

104 647 269 713 Cerberus
291 660 324 712 ct
346 648 465 712 Furiae
486 648 548 712 iam
571 670 650 713 vero
673 661 706 713 ct
727 649 808 714 lucis
829 661 973 735 egestas,

39 754 217 826 Tartarus,
240 750 427 816 horriferos
449 761 596 815 eructans
619 750 766 815 saucibus
787 765 906 829 aestus3
1080 753 1160 817 1025

38 852 128 934 Quei
146 874 252 938 neque
270 864 343 916 sunt
364 840 496 937 nsquam
518 875 578 917 nec
596 865 732 936 possunt
754 876 822 919 esse
847 855 1020 938 prolecto:

39 957 107 1019 Sed
130 965 230 1019 metus
251 954 284 1018 in
306 954 373 1019 vita
395 976 571 1036 poenarum
594 977 658 1037 pro
683 956 762 1020 male
784 957 879 1021 iactis

37 1059 104 1121 Est
124 1055 303 1141 insignibus
325 1055 479 1141 iusignis3
502 1055 696 1141 scelerisque
719 1058 800 1121 luela

38 1159 168 1224 Cancer
187 1170 220 1223 et
240 1156 409 1224 horribilis
429 1162 468 1222 de
489 1180 569 1223 saxo
591 1157 693 1222 iactus
711 1180 842 1236 eorum,

37 1264 211 1337 Verbera,
235 1262 428 1337 carnufices,
451 1262 572 1338 robur,
595 1261 670 1343 pix,
692 1261 824 1337 lamina,
847 1266 957 1327 tedae:
1082 1264 1162 1326 1000

41 1363 134 1444 Quae
155 1374 259 1426 tamen
279 1362 341 1428 etsi
361 1366 494 1438 absunt,
518 1374 550 1426 at
571 1384 657 1427 meus
678 1363 739 1427 sibi
761 1364 892 1429 conscia
914 1365 1027 1441 sactis,

39 1467 271 1530 Praemetuens
293 1463 424 1529 adhibet
444 1464 590 1530 stimulos
611 1475 779 1551 torretque
798 1465 952 1551 flagellis,

37 1571 113 1632 Nec
135 1566 225 1632 videt
243 1568 382 1643 interca,
406 1567 463 1653 qui
484 1566 638 1631 terminus
655 1589 724 1631 esse
746 1568 901 1633 malorum

38 1669 154 1734 Possit
175 1691 234 1732 nec
255 1692 337 1754 quae
356 1669 398 1732 sit
416 1691 593 1752 poenarum
614 1670 749 1756 denique
768 1671 858 1735 linis:

39 1774 153 1857 Atque
169 1775 278 1835 eadem
294 1771 406 1837 metuit
416 1771 532 1857 magis,
549 1775 677 1837 haecne
689 1773 722 1836 in
735 1785 839 1838 morte
851 1786 1062 1859 gravescunt:
1080 1776 1162 1838 1035

39 1873 131 1939 Hinc
153 1873 334 1939 Acherusia
356 1876 395 1938 fit
416 1874 585 1939 stultorum
609 1874 744 1960 denique
767 1876 844 1939 vita.

105 1978 185 2041 Hoc
206 1977 301 2040 ctiam
323 1974 383 2040 tibi
402 1988 469 2040 tute
490 1975 649 2040 interdum
672 1977 780 2042 dicere
801 1977 927 2060 possis:

41 2125 58 2154 ‚,
68 2078 208 2142 Lumina
227 2079 271 2142 sis
291 2079 394 2145 oculis
415 2078 509 2143 etiam
531 2081 635 2143 bouus
655 2081 761 2143 Ancu'
781 2080 930 2165 reliquit;
942 2083 961 2109 ''

41 2181 109 2263 Qui
129 2179 248 2245 melior
271 2180 376 2244 multis
394 2203 488 2266 quam
510 2191 545 2244 tu
565 2181 643 2260 tuit,
665 2184 833 2268 improbe,
856 2188 966 2251 rebus.

39 2284 123 2346 lude
145 2281 218 2346 alici
241 2282 350 2347 mullei
370 2303 466 2367 reges
484 2304 655 2368 rerumque
675 2296 824 2368 potentes
1081 2290 1165 2352 1010

39 2385 260 2462 Occiderunt,
285 2384 408 2477 maguis
429 2383 507 2470 quei
529 2385 678 2470 gentibus
695 2386 931 2471 imperitarunt.

104 2488 168 2551 Ille
186 2508 316 2573 quoqne
335 2486 422 2570 ipse,
447 2485 530 2550 viam
549 2486 606 2573 qui
626 2492 788 2575 quondam
806 2511 866 2574 per
886 2512 973 2556 mare
991 2512 1141 2577 magnum

37 2589 169 2655 Strauit
189 2589 314 2675 iterque
331 2589 419 2653 dedit
440 2587 626 2674 legionibus
642 2591 690 2656 ire
712 2614 773 2675 per
795 2593 893 2656 altum

37 2694 94 2758 Ac
116 2691 252 2776 pedibus
271 2691 369 2756 salsas
389 2691 502 2758 docuit
523 2713 676 2776 superare
698 2694 826 2759 lacunas

37 2798 88 2861 Et
108 2791 303 2877 contempsit
324 2794 415 2879 equis
435 2793 590 2858 insultans
609 2816 771 2860 murmura
789 2798 899 2881 ponti,
1080 2799 1164 2861 10115

37 2894 182 2961 Lumine
203 2899 370 2979 adempto,
394 2894 529 2959 animam
550 2897 745 2963 moribundo
768 2921 911 2984 corpore
928 2900 1026 2965 fudit.

107 2996 294 3081 Scipiades,
317 2996 394 3061 belli
414 2997 553 3075 fulmen,
577 2999 790 3084 Karthaginis
811 3004 952 3079 horror,

38 3103 129 3168 Ossa
152 3099 239 3164 dedit
258 3109 382 3177 terrae,
404 3098 544 3186 proinde
564 3123 602 3166 ac
622 3101 723 3168 famul
740 3101 866 3167 infimus
884 3113 980 3168 esset.

37 3296 164 3331 consensu
188 3281 320 3340 torpedine
348 3285 386 3330 vel
412 3282 551 3342 torpedine.
589 3284 635 3331 Sed
654 3284 693 3329 liic
711 3297 806 3341 quoque
823 3282 911 3329 Lumb.
931 3283 991 3329 liet.
1010 3282 1163 3341 cuppedine,

36 3354 149 3400 maxime
166 3358 266 3409 propter
285 3352 317 3408 5,
340 3351 382 3399 46.
413 3352 526 3415 Quantae
551 3358 604 3398 tum
627 3352 747 3398 scindunt
770 3351 894 3398 bominem
917 3351 1066 3411 cuppedinis
1091 3367 1166 3399 neree

36 3423 352 3469 eolttettmncuruetete.
368 3420 456 3478 6,25.
494 3420 571 3469 1010.
592 3422 820 3480 tietueeemperc.
858 3418 935 3468 1024.
949 3423 985 3467 lta
997 3423 1058 3467 Cdd.
1072 3436 1165 3483 omncs,

36 3494 116 3539 etiam
134 3494 198 3549 meiss
218 3494 260 3538 sed
272 3492 332 3537 benc
345 3506 439 3550 quoque
453 3494 580 3538 lectionem
592 3492 690 3538 ¹tlterus
708 3493 797 3537 codicis
815 3492 881 3536 vitiis
892 3493 1029 3538 accensuit:
1043 3498 1092 3537 tum
1104 3493 1166 3537 Edd.

35 3563 111 3608 Brix.
119 3563 180 3607 Ver.
189 3563 262 3611 Wat.
270 3562 346 3607 Forb.
367 3562 457 3606 Contra
463 3563 525 3607 Vsu.
534 3563 579 3607 At.
587 3562 618 3607 P.
626 3563 657 3606 A.
668 3562 698 3607 L.
709 3562 739 3607 11.
750 3573 756 3606 :
771 3574 876 3621 egenus.
895 3561 1015 3606 Audacius
1025 3563 1084 3606 illud
1096 3575 1168 3606 voce·

35 3633 127 3677 bulum
140 3633 289 3686 desumptum
302 3632 397 3676 uidetur
409 3632 560 3676 evetnstiors
570 3632 651 3689 aliquo
657 3630 832 3687 po'e'tuLetino.
872 3627 948 3676 1020.
961 3628 1024 3674 liner
1033 3627 1090 3688 (pro
1097 3628 1166 3690 quel)

35 3706 70 3748 A.
81 3701 113 3745 1..
128 3701 159 3750 ll.
196 3697 274 3746 1028.
293 3704 394 3746 numele
402 3700 448 3745 nv.
456 3702 486 3748 P.
498 3701 569 3745 nimis
581 3701 651 3745 docta
661 3700 846 3755 interpolatione
857 3712 887 3743 ex
896 3699 975 3744 Plauti
985 3700 1055 3744 Asin.
1066 3696 1092 3753 3,
1103 3699 1128 3753 2,
1140 3697 1165 3745 5.

36 3773 71 3816 Α.
93 3771 163 3815 luctu
181 3772 311 3816 revocavit.
350 3768 426 3817 1022.
446 3768 565 3815 deorsum
582 3769 656 3813 nrt.
701 3765 777 3816 1031.
791 3769 862 3826 Jnctu'
879 3768 924 3815 (ld.
935 3782 1003 3815 meus
1016 3770 1047 3813 E.
1066 3769 1167 3824 (C.,ut

36 3837 113 3896 nos.)
126 3839 171 3886 Au.
181 3839 212 3884 P.
223 3840 254 3884 Α.
265 3840 296 3884 1..
307 3840 338 3884 ll.
376 3836 453 3887 1⁰³2.
474 3845 616 3898 torquetque
629 3837 714 3887 Heius.
752 3835 829 3882 1031.
847 3851 894 3882 nec
906 3851 969 3897 quae
983 3837 1027 3896 eit]
1046 3839 1086 3883 Sic
1098 3851 1166 3883 meus

37 3908 214 3958 t‘..t.1..tt.
234 3923 281 3967 quo
299 3910 383 3954 alludit
400 3910 474 3954 etiam
492 3908 631 3963 corruptela
649 3906 727 3954 Codd.
748 3906 806 3964 utiq.
827 3904 913 3964 (etiam
932 3908 974 3960 E.)
993 3908 1069 3956 Codd.
1090 3920 1167 3965 neque

36 3982 95 4033 eiu
113 3991 160 4022 nec
177 3977 221 4036 qui
237 3979 273 4023 eit
290 3978 352 4023 (lod.
368 3976 603 4023 10000011..
622 3976 693 4034 quise
709 3976 760 4021 eiet
777 3990 806 4021 ex
819 3977 880 4023 (lod.
896 3971 928 4024 A.
948 3978 1004 4021 See.
1015 3977 1072 4021 XV.
1091 3977 1164 4020 dedit.

37 4051 87 4097 W.
102 4047 219 4102 (Eicbst.)
257 4043 333 4092 1038.
352 4047 459 4093 Ennius:
491 4047 626 4104 Postquam
642 4046 740 4090 luminu
757 4047 797 4091 eie
813 4046 895 4093 erube
912 4045 992 4091 bonus
1009 4044 1087 4090 Ancn'
1105 4045 1166 4088 relt-

37 4120 106 4179 quit.
145 4113 224 4165 1011.
244 4129 321 4175 super
333 4117 371 4161 ire
388 4117 467 4165 1..tt.
505 4111 760 4174 1111000000.
789 4114 903 4161 Ceterum
918 4116 988 4172 iunge
1003 4114 1090 4172 equis,
1110 4125 1167 4157 cusu

39 4193 130 4241 sento,
150 4186 278 4233 insultum
296 4187 381 4241 Μανῆ
399 4188 471 4231 aliter
488 4200 516 4231 ec
535 4187 576 4231 W.
597 4185 746 4244 contempsit
762 4185 833 4244 equis
852 4196 992 4229 murmure.
1031 4179 1107 4229 1010.
1128 4182 1166 4226 in·

37 4257 122 4317 fienue
140 4257 218 4305 codd.
230 4258 300 4304 Brtr.
315 4259 375 4305 Vct.
388 4255 507 4305 A.1..1t.
525 4251 655 4316 improdue
670 4257 733 4302 Veu.
748 4254 779 4300 Α.
796 4253 827 4300 Ρ.
