2772 4750
46 317 133 380 Dona
152 314 258 378 ferunt
281 333 360 396 prae
382 332 435 388 se3
458 312 621 376 declarant
644 313 758 397 gaudia
777 313 881 378 voltu.

45 416 204 483 Deseritur
224 419 363 498 Scyros,
387 415 534 500 linquunt
558 403 746 480 Phthiotica
770 419 893 501 Tempe

45 518 259 604 Crauonisqne
282 522 397 583 domos
419 539 457 581 ac
479 517 606 582 moenia
626 516 811 583 Larissaea:
858 542 864 557 ¹

44 621 234 686 Pharsaliam
257 632 388 697 coeunt,
412 619 581 687 Pharsalia
603 632 686 684 tecta
711 621 926 706 frequentant.
1008 648 1012 653 ·

45 728 127 789 Rura
150 723 228 788 colit
250 745 361 798 nemo,
384 722 575 787 mollescunt
598 723 682 788 colla
704 723 866 787 iuvencis:

44 830 114 889 Non
131 825 258 889 humilis
281 824 389 889 curvis
408 836 568 910 purgatur
590 824 683 889 vinea
704 825 837 889 rastris:

45 931 114 993 Non
138 928 263 1012 glebam
289 949 397 1010 prono
422 927 578 990 convellit
598 949 731 992 vomere
753 939 882 993 taurus:

44 1032 113 1093 Non
135 1030 204 1093 falx
225 1041 364 1094 attenuat
385 1029 611 1093 frondatorum
635 1029 763 1094 arboris
784 1033 950 1094 umbram:

45 1131 188 1217 Squalida
211 1130 344 1195 desertis
364 1130 487 1214 robigo
507 1130 646 1194 infertur
668 1131 796 1196 aratris.

45 1234 142 1317 Ipsius
162 1246 194 1306 at
215 1238 322 1309 sedes,
346 1256 534 1320 quacunque
559 1235 709 1316 opulenta
729 1235 862 1299 recessit

44 1336 158 1424 Regia,
180 1334 318 1422 fulgenti
336 1337 502 1420 splendent
523 1358 603 1401 auro
622 1349 716 1423 atque
739 1349 894 1422 argento:

45 1439 161 1503 Candet
182 1442 262 1503 ebur
284 1438 393 1514 soliis,
417 1438 579 1501 collucent
601 1440 718 1521 pocula
739 1462 884 1505 mensae:

45 1545 125 1605 Tea
146 1546 257 1606 domus
281 1545 396 1625 gaudet
418 1540 523 1625 regali
541 1541 709 1624 splendida
732 1564 825 1627 gaza.

43 1643 195 1707 Pulvinar
218 1665 297 1707 vero
320 1642 414 1706 divae
438 1642 561 1728 geniale
584 1643 713 1708 locatur

44 1745 173 1809 Sedibus
196 1744 229 1808 in
252 1745 380 1822 mediis,
404 1747 486 1810 ludo
508 1749 597 1831 quod
618 1748 710 1810 dente
730 1745 867 1829 politum

45 1847 154 1911 Tincta
179 1847 260 1931 tegit
281 1870 379 1912 roseo
406 1847 559 1928 conchyli
580 1870 724 1931 purpura
745 1849 837 1913 fuco.

44 1952 130 2013 Haec
151 1950 251 2013 vestis
269 1941 388 2032 priscis
409 1949 573 2014 hominum
597 1950 720 2013 variata
737 1950 852 2035 figuris

44 2054 186 2117 Heroum
208 2052 288 2114 mira
310 2050 447 2115 virtutes
469 2051 590 2115 indicat
612 2063 693 2116 arte.

44 2158 185 2241 Namque
206 2154 400 2220 fluentisono
422 2167 636 2237 prospectans
655 2156 754 2220 litore
779 2155 861 2221 Diae

44 2259 166 2321 Thesea
187 2261 350 2321 cedentem
376 2256 474 2321 celeri
500 2279 572 2320 cum
598 2258 697 2322 classe
720 2269 828 2321 tuetur

43 2359 220 2425 Indomitos
241 2359 273 2421 in
294 2363 393 2424 corde
417 2381 532 2444 gerens
554 2358 699 2423 Ariadna
721 2361 868 2437 furores,
1117 2363 1157 2426 55
1213 2444 1217 2451 ἡ

44 2571 112 2626 Vulp.
128 2571 244 2615 Praelert
257 2570 331 2614 Bach.
347 2571 376 2613 ad
390 2570 446 2614 Tib.
460 2584 483 2626 p.
497 2568 556 2615 282.
581 2570 635 2629 Ego
651 2572 746 2629 quidem
767 2571 976 2626 interpolationem
995 2586 1092 2619 censeo.
1114 2573 1160 2617 cfr.

43 2639 149 2685 Oudeud.
169 2642 199 2684 ad
213 2642 299 2694 Appul.
315 2638 340 2683 2.
355 2653 378 2694 p.
391 2638 433 2685 98.
483 2637 525 2684 35.
544 2641 634 2685 Mureti
651 2641 827 2684 distinctionem
842 2646 938 2685 secutus
955 2655 1007 2685 suni
1023 2657 1077 2686 cum
1092 2642 1161 2686 Astio

43 2711 113 2764 tium
126 2712 184 2755 sill.
198 2709 309 2764 Lachm.)
327 2710 441 2767 Plerique
457 2723 511 2754 cum
524 2710 594 2753 Atat.
602 2712 694 2768 jerunt
698 2723 710 2765 ,·
727 2724 790 2768 prae
802 2708 982 2755 cediderunt.
1020 2708 1062 2756 36.
1081 2713 1161 2765 „For-

43 2784 104 2825 tasse
117 2777 288 2824 Phthiotide?
306 2779 405 2824 Lacbm.
433 2778 533 2838 Scyron
551 2780 595 2823 etsi
615 2781 685 2838 longe
704 2794 718 2823 a
735 2780 862 2823 Thessalia
879 2784 1012 2834 remotam,
1033 2781 1161 2836 aDolopi-

42 2848 84 2892 bus
109 2854 206 2907 umen,
237 2849 410 2892 Thessalorum
429 2854 516 2908 gente,
542 2861 678 2904 possessam
698 2853 815 2892 testantur
835 2849 943 2903 Thucpd.
966 2848 995 2904 1,
1020 2847 1061 2897 ⁹8.
1089 2851 1161 2894 Diod.

42 2921 89 2963 Sic.
106 2918 154 2974 11,
171 2916 214 2965 60.
234 2942 266 2951 -
286 2917 378 2975 Tempe
393 2920 490 2973 proprie
504 2921 528 2963 in
541 2918 685 2976 Pelasgide,
705 2920 745 2962 sed
763 2920 828 2962 iuxta
840 2918 1002 2962 Phthiotidem
1021 2919 1066 2962 sita
1082 2924 1161 2963 erant.

43 2985 82 3031 37.
102 2985 278 3046 Gruuonisqus
288 2988 392 3031 Victorii
402 2988 466 3031 coni.
488 3009 518 3019 -
538 2986 740 3046 Grusinonispue
756 2988 818 3031 Mss.
840 3008 870 3048 -ς
891 2985 1104 3047 Graiugenumque
1114 2987 1160 3030 Ed.

41 3071 76 3111 pr.
89 3057 160 3113 Ioips.
172 3059 244 3102 Aldd.
266 3077 296 3090 —
316 3053 539 3116 Graiugeutimque
555 3059 620 3102 Scal.
640 3053 791 3100 --Granon
807 3060 886 3100 sutem
897 3057 1039 3100 Thessaliae
1049 3055 1163 3111 oppidum

42 3140 113 3182 prope
132 3127 269 3174 Larissam.
307 3126 343 3170 lb.
365 3141 396 3170 oc
414 3128 513 3172 rnocniu
531 3126 671 3171 Larissaea
688 3126 759 3170 Aldd.
778 3125 854 3169 Gnar.
880 3149 915 3158 -
942 3138 973 3167 nc
991 3124 1089 3168 nicenis
1109 3125 1164 3167 nic-

41 3198 126 3241 eriaea
144 3198 210 3240 lttss.
236 3196 302 3240 Unde
319 3196 372 3243 Sill.
390 3197 524 3250 suspicatus
539 3201 576 3241 est
590 3196 648 3239 urci
664 3195 742 3238 simul
756 3193 900 3247 Arrianae,
918 3195 936 3238 i.
957 3207 980 3238 c.
999 3194 1113 3238 Larissae
1134 3192 1164 3236 ab

40 3267 134 3310 Acrisio
151 3266 273 3313 conditae.
309 3262 351 3309 38.
365 3263 528 3310 Pharsaliam
543 3266 622 3320 potins
637 3263 788 3317 trisyllabum
803 3277 872 3321 quam
888 3265 1073 3318 antepenultima
1086 3261 1163 3317 brevi,

42 3339 67 3378 ut
86 3336 208 3390 Calpurn.
234 3332 264 3389 1,
292 3331 349 3378 101.
390 3334 509 3391 Exempla
531 3337 636 3379 variatae
661 3335 685 3377 in
711 3335 794 3376 eodem
819 3346 890 3377 versu
909 3334 1047 3390 quantitatis
1067 3333 1166 3391 collegit

42 3404 114 3449 Wals.
133 3407 166 3448 ad
185 3404 258 3448 Lucr.
276 3401 307 3457 1,
329 3401 405 3448 1252.
435 3401 576 3463 Crassaque
594 3402 740 3448 conveniunt
757 3401 878 3461 liquidis,
898 3408 923 3446 et
939 3402 1036 3461 liquida
1053 3403 1164 3449 crenis.

41 3473 118 3518 Nimis
132 3473 215 3517 facilis
233 3478 269 3516 est
283 3473 387 3517 Pontani
402 3475 496 3519 emend.
512 3472 664 3518 Pharsalum
682 3471 754 3529 Giug.
770 3473 869 3519 Lachm.
890 3495 923 3506 —
940 3470 1084 3516 Phossaton
1100 3473 1164 3516 Scal.

42 3539 83 3587 16.
104 3556 214 3586 mensae
226 3542 296 3587 Aldd.
314 3544 387 3590 Voss.
405 3543 478 3601 Ging.
495 3557 555 3601 quae
577 3543 649 3587 lectio
664 3542 784 3585 stabilitur
798 3542 860 3587 Aen.
878 3537 924 3595 11,
943 3537 1002 3586 738.
1022 3560 1058 3574 -
1074 3541 1166 3598 plenae

37 3612 132 3669 pocula
152 3624 265 3655 mensae.
285 3613 380 3656 mensis
399 3613 491 3668 Docta,
515 3626 560 3668 pro
580 3625 627 3669 qno
649 3610 706 3655 facit
723 3608 828 3666 nent,
844 3606 902 3655 610.
922 3610 1015 3671 ingens
1031 3617 1166 3670 argeutum

39 3682 158 3735 mensim
177 3681 220 3724 sed
237 3687 342 3736 praestat
357 3682 448 3725 variata
466 3686 595 3726 structura.
639 3677 681 3727 tl.
699 3678 810 3724 Aedibus
829 3679 963 3734 probabilis
985 3681 1107 3730 correctio
1126 3682 1165 3729 ed.

39 3750 255 3805 Vea.Gryph.e1
266 3750 327 3795 Aen.
340 3747 371 3811 2,
392 3751 451 3797 511.
506 3748 548 3796 50.
567 3746 700 3809 conchylis
718 3749 789 3793 nidd.
808 3749 923 3804 missen,
940 3751 981 3794 sed
997 3750 1055 3794 haec
1071 3750 1165 3804 forma,

40 3821 89 3864 sive
106 3835 121 3863 a
137 3817 288 3878 conchylis,
308 3821 358 3864 sive
371 3834 388 3873 a
396 3817 520 3879 'conchylis
536 3822 649 3874 ducatur,
671 3820 731 3862 baud
748 3823 838 3863 temere
854 3819 1003 3874 recipienda.
1019 3833 1042 3863 v.
1059 3820 1166 3864 Porcell.

38 3886 167 3948 Conchyli
185 3889 256 3933 habet
271 3891 343 3933 etiam
358 3889 457 3935 Lucret.
472 3889 501 3945 6,
525 3887 600 3936 1072.
658 3885 700 3933 53.
726 3883 821 3951 νῆσον
840 3884 895 3953 τὴν
913 3886 984 3938 ποτὲ
1001 3886 1057 3952 μὲν
1074 3884 1167 3946 Δίαν,

37 3953 93 4006 νῦν
110 3955 146 4006 δὲ
165 3951 266 4019 Νάξον
283 3957 586 4030 προσαγορευομένην
603 3956 784 4012 nicusus,
801 3956 842 4002 to.
898 3955 940 4006 56.
961 3960 1053 4002 ver-sus
1073 3958 1167 3999 concta-

38 4032 129 4072 matns.
162 4025 215 4072 Nec
233 4027 293 4072 dum
312 4029 388 4072 etium
406 4043 462 4073 sess
480 4043 543 4087 quus
561 4029 603 4073 sui
620 4028 657 4072 tui
675 4041 702 4071 se
721 4027 811 4072 credit.
829 4029 883 4072 vel:
903 4028 999 4072 euicui
1013 4023 1166 4070 creditMss.

38 4117 73 4128 -
89 4095 147 4142 Nec
166 4095 225 4141 dum
244 4098 320 4141 etiam
337 4112 394 4143 sess
413 4113 475 4158 quae
494 4099 553 4143 risit
570 4099 650 4143 sisere
669 4097 750 4142 credit
774 4100 848 4141 Voss.
867 4096 967 4140 Lachm.
998 4115 1026 4127 -
1055 4091 1168 4139 Necdum

38 4164 118 4209 etiam
137 4179 183 4222 se,
202 4175 266 4225 quoe
276 4164 370 4225 suerat
386 4173 437 4212 tum
455 4166 564 4213 credidit
581 4181 638 4213 esse
655 4167 709 4213 Ast.
732 4187 761 4199 ·-·
780 4164 894 4212 Necdum
911 4166 987 4208 stium
1005 4175 1077 4216 sess,
1104 4176 1168 4221 quae

31 4231 105 4292 suit,
127 4241 181 4281 tum
198 4235 307 4283 credidit
324 4250 381 4283 esse
399 4239 453 4284 snt.
477 4238 541 4284 coni.
573 4262 606 4273 —
633 4235 745 4284 Necdum
765 4236 840 4281 etium
858 4247 915 4279 sese
935 4231 1066 4276 oblitumne
1085 4231 1127 4275 sui
1144 4236 1167 4275 ts
