2762 4762
378 346 489 430 Qualis
512 343 654 410 aseendit
676 342 767 407 Dea!
790 349 858 403 tota
879 338 1016 420 pulchra
1142 414 1145 423 ,

378 448 512 515 Gaudiis
534 441 840 533 gemmat'liqnidis,
863 461 988 524 suoque
1009 438 1057 502 in·

373 549 621 625 ,nianiieetm
648 545 803 610 volueres
823 563 884 625 per
905 536 1004 605 auras

467 648 622 715 Floribus
643 648 753 709 halat!

379 791 470 854 Talis
492 788 525 852 in
547 807 671 863 seram,
694 805 751 847 sna
772 802 893 866 regna,
918 782 1047 844 noctem

379 893 473 953 Luna
496 910 593 973 quom
617 886 723 962 venit,
745 895 896 946 tenuatur
918 884 1064 954 Arctos3

380 993 488 1057 Pallet
507 991 689 1065 Arcturus,
713 984 887 1068 positoque
908 983 998 1046 ferro

464 1094 616 1174 Languet
637 1087 756 1195 Prion.
1109 1078 1111 1081 ’

381 1230 470 1294 Talis
494 1227 589 1291 eleeti
608 1226 773 1308 speciosus
795 1222 862 1288 oris

379 1332 553 1404 Phoebus,
576 1330 707 1392 Aurora
728 1324 930 1402 lacrimante,
954 1322 1056 1399 ridet,

383 1431 520 1513 Quando
543 1428 680 1493 cristatis
703 1427 816 1492 avibus
839 1446 1006 1517 coruscum

466 1533 565 1623 Mane
581 1528 775 1612 .preoatur.”
798 1568 804 1578 ·

382 1672 474 1734 Inter
495 1672 552 1732 has
574 1690 692 1743 voces,
717 1667 817 1752 magis
839 1668 964 1730 elevata

378 1770 526 1837 Brachiis
548 1762 625 1833 Nati
646 1790 779 1851 soporas
801 1769 834 1831 id
857 1789 967 1843 omne,

384 1874 481 1953 Quod
502 1872 591 1935 Deus
614 1893 678 1935 non
701 1881 769 1946 est,
793 1870 1088 1951 animumqnetoto

467 1972 605 2036 Numine
627 1972 762 2055 mergis.

383 2114 524 2196 Merge:
548 2114 620 2173 dnm
643 2110 727 2172 dulci
749 2108 844 2172 maris
867 2131 884 2172 e
906 2108 1070 2191 profundo
1169 2098 1173 2103 ¹

320 2246 324 2261 ·
383 2213 482 2292 Quod
502 2212 701 2294 superfusum
725 2212 823 2288 bibis,
846 2232 907 2273 una
929 2210 1038 2273 saltem

384 2314 482 2375 Gutta
505 2312 633 2375 distillet
654 2312 861 2395 laorImasque
883 2312 987 2377 nostri

470 2405 644 2496 Temperet
667 2411 774 2477 orbis!

663 2582 886 2597 —————-

384 2725 449 2788 IX.
487 2725 552 2789 AD
575 2722 883 2792 FRANCISCUM
905 2725 1164 2790 RAGUSIUM.

562 2852 729 2949 Symbola'
748 2866 985 2950 Pythagorae.

384 2999 460 3063 Vile
482 3022 521 3062 ne
543 3001 599 3063 fiat
620 3002 679 3065 tibi
700 3004 826 3079 Nutnan
848 3023 925 3078 usu,

386 3101 492 3179 Quom
514 3102 591 3164 nihil
614 3101 713 3164 maius
737 3113 910 3185 generetur
931 3103 1018 3184 ipso.

385 3204 441 3287 Ne
464 3205 578 3266 Deum
598 3205 726 3280 caeles,
749 3203 927 3286 digitoque
947 3216 1062 3286 portet

402 3330 404 3333 ·
470 3305 631 3367 Annulrts
648 3307 809 3371 haerens.
935 3343 939 3349 ·

387 3440 567 3503 Fervidam
589 3442 721 3523 spumis
743 3462 822 3513 eave
844 3445 960 3507 laesos
979 3445 1086 3505 ollam

387 3541 563 3614 Cone-item
584 3562 653 3609 non
676 3555 726 3606 est
736 3540 959 3632 fodicandns
980 3544 1075 3627 ignis

387 3645 493 3707 Ense.
539 3644 797 3724 Sopitaeineres
819 3644 987 3727 quieseunt

472 3745 586 3807 Tutius
609 3745 668 3808 ira.
715 3802 718 3809 ,

385 3879 477 3941 Dura
491 3882 649 3947 constanti
663 3905 777 3964 supera
793 3884 906 3949 labore
918 3906 926 3957 3

388 3978 514 4058 Coepta
537 4002 687 4055 antecessu
708 3995 923 4066 properanter
945 4006 1044 4068 urge:

390 4081 434 4138 Ut
455 4079 541 4141 nihil
550 4079 675 4168 faecis
696 4085 865 4157 bibiturus
887 4087 923 4151 in
945 4108 1023 4153 era-
1143 4146 1148 4152 .

472 4188 541 4239 tere
562 4181 747 4264 relinquar.
