2762 4762
204 376 357 454 „Fertilis
380 388 415 441 tu
437 368 589 442 nobilium
610 378 730 441 fureris

205 481 347 563 „Copia
391 481 459 542 Iam
482 502 565 543 nrrue
586 479 711 545 inimica
734 471 864 543 cedent

205 581 370 666 „Agmina
391 603 432 644 ex
454 603 584 664 camp03
608 581 900 666 aufugientiumque

289 683 422 768 „Terga
448 683 584 746 videbis.
743 676 746 681 ’

207 823 333 906 „lunge
354 833 475 885 tantum
500 835 531 884 ot
553 816 679 906 collige
694 843 802 903 sparsa
824 824 965 884 membra

208 925 339 998 „Paene
362 924 494 1006 collapsi
517 923 670 1005 Imperii3
695 944 731 985 ac
752 923 880 987 seroces

208 1028 375 1108 „Exsere,
400 1046 420 1088 ο
444 1046 543 1100 nunc,
567 1025 729 1107 relliquias
753 1037 784 1088 et
807 1025 966 1108 antiquum

292 1128 443 1199 „Exsere
464 1128 577 1191 robur.

205 1268 377 1351 ·,‚Namque
399 1266 503 1329 miultis
527 1288 603 1331 mox
625 1266 736 1349 spoliis
759 1264 874 1349 opimis

209 1368 376 1443 „Suemcis
398 1368 568 1432 ditaberis:
592 1390 629 1430 ao
650 1369 787 1450 superba

209 1471 345 1544 „Maior
366 1471 548 1534 exaltabere
570 1469 770 1550 Dindymene

294 1572 572 1656 „Turrigeraque

207 1758 226 1801 ¹„
235 1710 361 1774 Scilicet
374 1755 383 1787 ,
407 1711 517 1796 regina
540 1713 651 1787 beata,
676 1711 752 1774 tanti
775 1725 822 1775 est
855 1792 858 1799 1

212 1812 369 1886 „Urbium
392 1814 564 1877 concordia
588 1798 829 1898 principumque

211 1914 502 1987 „Foederatorum
547 1906 635 1978 Nihil
658 1917 789 1998 amplius
812 1928 861 1991 te,

295 2014 351 2088 „0
376 2019 489 2093 decus,
516 2018 645 2109 anget.'’

213 2153 351 2233 Talibus¹
369 2165 457 2218 vates
480 2157 612 2236 (pudor)
634 2158 827 2219 immorabar

214 2255 404 2319 Claudicans
428 2258 553 2332 metris,
578 2279 679 2341 neque
704 2257 851 2341 digniora

213 2346 431 2442 Largiebatur
453 2360 629 2436 Patareus,
654 2359 713 2423 etsi

296 2458 356 2522 Ilia
378 2481 518 2543 rupsem.

212 2601 306 2683 Ergo
329 2600 481 2662 maerenti
502 2602 677 2663 stimulatus
702 2602 750 2663 ira
773 2626 787 2655 π

213 2701 378 2764 Barbitum
402 2722 527 2764 mensae
550 2702 664 2765 {idibus
686 2702 798 2765 solutis

214 2800 270 2865 Bis
295 2813 342 2865 ten
364 2802 458 2876 illisi;
481 2803 609 2866 iacuere
631 2812 756 2863 eentum

298 2904 470 2988 Fragmina
497 2904 602 2967 terris.

491 3080 703 3093 *a

330 3211 431 3274 xm.
465 3211 529 3276 Au
553 3212 614 3275 ιο.
639 3172 887 3275 ausonam.

451 3331 601 3396 Virtutis
622 3331 763 3396 Genius.

219 3468 332 3532 Virtus
354 3470 495 3532 aetherei
516 3469 644 3533 conseia
668 3466 830 3552 sanguinis

217 3574 454 3655 Astrorumque
476 3592 592 3644 soror,
618 3581 805 3642 nunaunt,
830 3568 965 3642 Albula,

259 3675 350 3737 Inter
372 3696 503 3755 serpere
528 3676 648 3758 fungos
707 3696 710 3703 ·

305 3777 348 3837 Et
370 3776 503 3840 declivia
530 3776 671 3839 vallium.

220 3918 354 3999 Semper
375 3938 494 3979 srunma
517 3916 615 3997 petit,
641 3933 706 3997 quo
728 3931 830 3995 neque
853 3910 982 3973 nutrium

219 4020 373 4095 Neruam,
398 4020 548 4082 Romulei
569 4016 799 4099 flammigerum
823 4013 912 4077 Iovis

262 4122 366 4184 Pleno
389 4118 514 4183 concita
539 4131 636 4183 vento

306 4220 476 4285 Transfert
497 4242 599 4301 penna
622 4219 800 4283 satellitem.
