2762 4760
226 197 268 262 31

133 426 136 431 ,
226 356 282 421 Ad
304 351 544 436 confligundum
567 347 767 415 venientibus
790 348 930 436 undique
950 347 1090 425 Poenis;
1287 348 1340 412 815

229 455 349 523 Omnia
371 477 470 541 quom
492 452 571 518 belli
591 453 722 537 trepido
743 473 898 518 concussa
915 451 1052 516 tumultu

227 558 376 626 Horrida
396 568 620 623 contremuere
639 559 698 620 sub
721 555 793 620 altis
813 553 953 620 aetheris
973 553 1060 633 oris,

227 665 267 727 ln
290 660 453 747 dubioque
474 660 581 736 fuere,
602 669 750 747 utrorum
775 662 816 722 ad
833 680 936 744 regna
953 660 1131 722 cadundnm

230 764 388 831 Omnibus
409 761 554 827 humanis
576 773 659 826 esset
680 773 833 850 terraque
854 760 1017 846 marique:

229 871 304 950 Sic,
326 868 382 934 ubi
403 890 470 934 uon
486 866 623 944 erimus,
645 889 745 953 quom
765 864 918 950 corporis
937 877 1033 952 atque
1050 864 1165 928 animai
1292 863 1345 927 850

229 972 409 1040 Discidium
427 971 541 1047 fuerit,
564 969 682 1057 quibus
705 992 722 1034 e
745 993 852 1034 sumus
873 967 978 1033 uniter
1001 967 1105 1053 aptei,
1372 960 1373 969 ¹

230 1077 363 1143 Scilicet
383 1077 468 1138 haud
488 1072 583 1139 n'obis
606 1072 796 1159 quidquam,
818 1072 893 1159 quei
912 1093 976 1136 non
998 1070 1116 1135 erimus
1138 1083 1224 1146 tum,

230 1179 392 1245 Accidere
414 1176 547 1242 omniuo
570 1174 694 1259 poterit
714 1196 902 1260 sensumque
925 1195 1080 1239 movere:

231 1286 309 1348 Non
332 1280 360 1345 si
381 1291 468 1343 terra
489 1277 570 1342 mari
591 1276 778 1342 miscebitur
799 1288 831 1341 et
853 1299 942 1342 mare
965 1277 1070 1342 caelo.

296 1381 387 1448 Etsi
407 1380 470 1446 iam
492 1391 607 1446 nostro
627 1378 722 1444 sentit
740 1383 780 1446 de
802 1401 945 1463 corpore
967 1390 1138 1465 postquam

232 1488 397 1553 Distracta
419 1494 468 1548 est
488 1481 586 1546 animi
605 1492 719 1546 natura
740 1481 924 1569 animaeque
945 1493 1104 1566 potestas3

232 1588 291 1654 Nil
309 1600 415 1651 tamen
436 1597 484 1649 est
504 1588 545 1648 ad
562 1606 641 1663 nos,
664 1583 739 1671 quei
761 1597 893 1668 comptu
913 1583 1133 1671 coniugioque

234 1687 400 1774 Corporis
422 1700 518 1773 atque
540 1687 664 1752 animae
686 1685 889 1752 consistimus
910 1686 1015 1751 uniter
1036 1686 1135 1771 aptei.

232 1796 322 1869 Nec,
345 1790 374 1855 si
394 1788 558 1854 materiam
580 1800 725 1853 nostram
749 1788 922 1873 collegerit
944 1801 1031 1854 aetas

233 1897 317 1959 Post
340 1892 464 1957 obitum
483 1912 675 1975 rursumque
692 1887 873 1975 redegerit,
895 1902 930 1954 ut
948 1890 1008 1955 sita
1028 1913 1112 1955 0000
1130 1903 1195 1969 est,
1298 1894 1350 1955 861

236 2001 346 2083 Atque
365 1995 482 2063 iterum
503 1991 599 2058 nobis
620 1991 740 2057 fuerint
762 1995 835 2056 data
856 1991 974 2056 lumina
997 1993 1100 2070 ritae3

236 2097 402 2164 Pertineat
425 2094 600 2182 quidquam
619 2104 725 2158 tamen
746 2097 787 2178 ad
808 2115 869 2158 nos
891 2093 926 2157 id
947 2116 1078 2181 quoque
1095 2095 1236 2172 factum,

233 2202 421 2280 Interrupta
439 2197 536 2260 semel
557 2216 656 2282 quom
674 2195 716 2258 sit
734 2195 913 2278 repetentia
932 2197 1050 2261 nostri.

235 2304 280 2365 Et
301 2322 385 2364 nunc
407 2296 453 2362 uil
474 2301 514 2364 ad
532 2320 592 2363 nos
610 2302 650 2362 de
671 2296 766 2362 uobis
787 2297 915 2374 attinet,
939 2309 1011 2363 ante

236 2505 345 2585 [Quos
367 2505 408 2567 de
428 2499 561 2566 materia
581 2511 692 2565 nostra
711 2521 799 2566 nova
819 2501 968 2584 proferet
987 2506 1104 2587 aetas]

236 2608 320 2669 Nam
341 2624 441 2691 quom
462 2601 618 2686 respicias
636 2602 783 2667 immensi
799 2602 958 2685 temporis
979 2625 1073 2670 omne

628 2795 684 2842 Lis.
698 2796 732 2840 lll
750 2809 774 2842 v.
793 2793 968 2844 titt-1107.

237 2402 321 2484 Quei
337 2401 473 2466 fuimus:
496 2422 556 2464 uec
575 2400 638 2463 iam
660 2403 700 2463 de
721 2398 796 2464 ollis
816 2421 877 2465 nos
898 2400 996 2466 afficit
1012 2423 1130 2488 angor.
1146 2405 1197 2488 [‚]·
1302 2408 1351 2471 861

291 2881 352 2930 817.
371 2884 445 2927 euris
464 2882 541 2928 Codd.
555 2882 651 2929 etssdd.
664 2889 738 2929 vett:
759 2886 800 2929 sed
819 2886 902 2929 endem
921 2885 1098 2943 0000100105,
1117 2885 1181 2945 111,
1201 2890 1267 2936 altis
1280 2891 1353 2937 aetle·
1376 2892 1377 2895 ’

238 2956 278 2998 ris
296 2953 350 2999 oris
366 2958 391 2998 et
404 2950 434 3007 6,
451 2949 493 2997 61.
512 2949 623 2997 aetheris
640 2978 673 2990 -·
688 2955 715 2996 in
730 2954 794 2997 orie.
814 2955 875 2998 unde
890 2955 928 2998 hic
944 2970 1037 3013 quoque
1047 2959 1101 3002 orie
1116 2959 1168 3002 dedi
1181 2972 1238 3003 eum
1252 2960 1353 3006 Gifanio.

238 3025 354 3069 Vossium
366 3023 469 3068 euimed
482 3021 529 3067 Ge.
541 3019 570 3077 2,
585 3019 628 3068 17.
644 3036 728 3067 rerum
742 3023 830 3068 vidisse
845 3021 961 3070 arbitror.
972 3038 996 3070 r.
1010 3027 1078 3081 011,
1093 3024 1135 3072 23.
1155 3029 1248 3074 Totum
1265 3045 1354 3075 versum

239 3095 274 3138 sie
286 3092 383 3139 exbibet
395 3091 441 3137 Cd.
456 3091 503 3137 C.:
524 3090 617 3135 Omnia
634 3098 806 3136 contremuere
825 3091 870 3136 sub
888 3094 955 3138 altus
974 3092 1085 3141 uetlrerie
1102 3110 1192 3142 ouras.
1232 3097 1300 3147 818.
1310 3098 1355 3161 suit
1376 3094 1377 3135 1

238 3163 285 3208 sul>
304 3169 417 3208 utrorum
435 3174 517 3222 regno
535 3161 565 3206 L.
579 3161 609 3205 ll.
647 3158 707 3207 851.
727 3162 767 3205 Sic
778 3161 855 3220 Lugd.
867 3175 918 3207 see.
930 3164 1112 3210 0100000810.
1123 3168 1153 3210 Η.
1173 3190 1207 3201 —
1227 3165 1355 3216 haesimus
1376 3140 1377 3173 l

239 3233 343 3291 Reliqui.
359 3232 421 3276 Edd.
435 3236 493 3276 vett.
507 3232 549 3276 sed
561 3230 607 3276 cfr.
620 3243 645 3275 v.
659 3229 718 3277 878.
775 3228 834 3277 856.
860 3230 974 3277 detracto
986 3247 999 3279 e
1011 3235 1103 3280 duobus
1117 3235 1194 3280 Codd.
1206 3237 1251 3283 W.
1267 3240 1355 3285 Eiebst.

239 3304 282 3347 sed
300 3306 384 3346 000100
401 3300 508 3345 Lucretii
527 3314 605 3345 usum.
625 3299 670 3344 cfr.
686 3299 717 3353 4,
737 3297 779 3349 32.
794 3307 838 3347 eet.
896 3299 955 3347 857.
974 3303 1025 3347 Pro
1044 3310 1097 3359 est,
1116 3303 1162 3350 boe
1180 3305 1212 3352 A.
1229 3307 1262 3353 L.
1279 3310 1313 3354 ll.
1334 3330 1355 3342 -·
1376 3318 1377 3329 ¹

239 3372 277 3415 lb.
289 3372 356 3415 coitu
364 3370 394 3415 A.
409 3393 443 3405 -
454 3374 527 3413 coetu
535 3369 566 3414 L.
575 3370 604 3418 11.
612 3382 635 3414 r.
645 3366 670 3423 3,
682 3367 741 3414 260.
756 3368 786 3424 4,
798 3366 841 3415 31.
879 3369 939 3416 8⁶2.
951 3369 1122 3431 quodfactum
1134 3388 1164 3420 ex
1174 3373 1295 3424 2.(3011.
1306 3381 1355 3423 Her.

241 3437 300 3486 863.
320 3439 434 3496 repentio
450 3437 526 3482 Codd.
543 3439 643 3497 aliquot.
656 3439 697 3494 (C.
707 3439 750 3494 B.)
763 3440 826 3485 Ede.
842 3445 902 3485 vett.
917 3439 949 3485 A.
968 3464 1001 3477 -
1019 3443 1156 3487 retinentia
1172 3446 1220 3489 Ar.
1238 3448 1357 3494 Ridenti.
1376 3464 1377 3493 t

239 3524 269 3555 ex
283 3506 312 3564 3,
328 3504 387 3554 675.
407 3508 454 3553 Sed
465 3509 603 3565 repetentia
614 3509 644 3554 L.
658 3509 689 3553 ll.
704 3510 746 3554 W.
760 3524 807 3567 quo
823 3510 940 3555 vocabulo
949 3524 994 3566 pro
1007 3513 1186 3558 reminiscentia
1198 3517 1275 3560 etiem
1288 3519 1357 3562 Arno
1376 3554 1377 3559 ,

241 3579 296 3624 bius
314 3579 398 3623 utitur.
434 3576 471 3622 lb.
491 3577 586 3622 nostris
605 3577 681 3623 Codd.
700 3579 740 3634 (G.
753 3579 796 3634 E.)
813 3579 875 3624 Edd.
892 3585 950 3624 vett.
969 3602 1003 3613 -
1020 3580 1093 3626 nobie
1110 3582 1155 3632 Ar.
1173 3604 1209 3618 -
1227 3589 1320 3632 nostri
1330 3588 1357 3631 Pii
1376 3564 1377 3627 1

241 3648 317 3696 Codd.
331 3647 381 3693 cit.
394 3648 474 3692 flenti.
496 3668 526 3679 -
545 3652 634 3693 nostro
645 3648 675 3693 A.
690 3648 719 3693 L.
731 3650 761 3693 11.
781 3672 815 3683 -
837 3649 925 3704 Recepi
938 3663 1000 3694 0000
1011 3652 1107 3705 nostri,
1128 3655 1190 3709 qnod
1204 3657 1359 3701 omniumest

240 3718 455 3774 simplicissimum.
483 3716 520 3760 Ad
538 3731 561 3763 r.
580 3719 677 3763 nostrie
694 3719 805 3774 supplent
821 3717 897 3763 rebus
914 3719 1010 3773 (Wal.)
1027 3722 1064 3765 vel
1083 3721 1221 3767 luminibus
1236 3725 1358 3780 (Knebell

240 3790 313 3845 Seqq.
333 3788 424 3832 omisso
443 3799 514 3830 versu
532 3786 659 3832 subditicio
677 3789 712 3832 sic
730 3788 836 3843 erpties:
856 3787 889 3832 Et
905 3791 1007 3832 nnuced
1020 3803 1064 3833 nos
1078 3791 1135 3834 nibil
1148 3792 1284 3839 0111001ᾶο
1299 3795 1358 3839 nobis

239 3857 300 3912 (den
308 3854 483 3911 Indiuidnen),
503 3857 542 3914 qui
554 3861 623 3902 antea
635 3857 724 3902 fuimus
735 3871 779 3902 nee
791 3857 903 3902 ininimus
915 3859 944 3902 10
956 3858 1042 3903 iisdem
1053 3859 1102 3904 illis
1115 3874 1159 3905 nos
1171 3874 1252 3921 angor
1265 3864 1359 3909 afficit”

241 3925 302 3972 861.
321 3926 396 3972 Abest
413 3939 497 3971 rursus
515 3940 530 3971 e
548 3931 639 3983 septem
657 3926 734 3971 Codd.
752 3927 836 3981 (etiem
853 3920 868 3970 it
886 3927 916 3971 G.
934 3927 977 3981 Ε.)
1001 3930 1025 3972 01
1047 3928 1109 3973 Edd.
1128 3934 1186 3975 vett.
1209 3933 1359 3992 primumque

228 4002 415 4087 peompmetep.
428 3996 473 4043 Ar.
502 4001 505 4007 '
525 3993 584 4042 869.
604 3995 701 4050 „Verbo
715 3994 892 4050 multimodus,
912 3996 936 4051 i,
956 3998 992 4041 usi
1011 4002 1065 4042 sunt
1085 4000 1233 4056 Appuleius,
1254 4003 1359 4049 Pruden-

240 4068 289 4112 tius
307 4073 332 4112 et
349 4067 390 4111 elii
407 4066 548 4124 sequiores;
567 4079 615 4110 non
634 4071 712 4111 tamen
730 4065 858 4111 adhibituri
877 4066 924 4110 uisi
941 4067 965 4110 in
982 4068 1119 4121 purissimis
1138 4070 1270 4115 literarum
1291 4073 1360 4117 moni·

267 4137 328 4182 entis
344 4135 519 4182 invenissent.''
535 4137 578 4179 W.
598 4148 622 4179 r.
642 4132 672 4189 2,
694 4130 771 4180 1055.
825 4133 885 4181 871.
903 4133 1100 4195 reprehendere,
1120 4131 1360 4203 ἀναλαμβάνειν,

241 4200 313 4251 etiem
328 4205 357 4251 C.
371 4206 404 4252 E.
423 4228 457 4240 -
475 4201 628 4261 deprendere
642 4200 675 4252 Δ.
684 4204 716 4248 A.
729 4203 758 4249 L.
770 4204 801 4248 tt.
855 4200 914 4249 875.
934 4218 1007 4264 quom
1023 4205 1054 4250 L.
1073 4206 1103 4251 ll.
1132 4206 1245 4253 Firment
1260 4209 1360 4256 nuncC.

239 4275 271 4321 Ε.
285 4281 309 4322 01
326 4275 532 4333 simplicissimum
550 4277 601 4328 est,
621 4273 667 4320 nisi
685 4272 748 4318 forte
766 4274 836 4319 malis
853 4286 908 4334 quo.
928 4298 961 4311 -
979 4275 1038 4335 quoi
1049 4289 1079 4321 er
1091 4277 1146 4321 aliis
1159 4277 1221 4323 cdd.
1237 4280 1286 4327 W.
1300 4294 1309 4340 3
1328 4283 1361 4326 set
