2762 4760
198 228 218 288 d

200 381 331 457 vossii,
353 377 484 463 Vulpii,
507 376 698 463 Doeringii‚
722 378 808 443 Astii
822 378 1103 445 commentariis‘et
1118 379 1303 446 lectionibus

200 482 465 550 Mitseherliehii.
510 484 629 547 Parum
660 492 712 544 aut
741 481 821 545 nihil
849 481 1000 565 praesidii
1030 482 1301 548 subministrabatt

201 589 306 654 Libro
333 587 371 649 dt
398 589 437 651 0.
463 584 603 651 Valerio
621 587 755 649 Catullo
780 585 934 649 tradotto
957 585 994 648 in
1019 585 1109 648 versi
1133 587 1265 652 italiani
1283 610 1308 652 a

201 693 379 755 rinnontro
401 688 456 750 del
473 697 561 749 testo
582 686 690 749 latino
716 687 762 749 cla
783 687 889 770 Luigi
909 687 1098 772 Srtdleyraa
1119 689 1194 752 nell'
1218 712 1308 756 anno

201 793 441 859 MDCCLXX.
458 789 786 854 Secondnedizione.
803 793 924 864 Romo,
932 789 973 852 de
980 790 1144 854 Romanis
1154 792 1244 856 1812.
1254 794 1306 857 12.

203 896 292 959 cuius
323 892 494 956 lectionem
523 913 541 955 e
571 890 805 954 Corradiuiana
838 913 876 955 ac
904 890 1066 972 Vulpiana
1098 892 1180 957 miro
1213 897 1308 959 modo

203 999 334 1061 mixtam
350 994 556 1077 deprehendi.
595 993 674 1059 Plus
689 1016 762 1057 sane
778 996 880 1057 debeo
895 1013 1018 1074 nupero
1034 992 1152 1058 editori
1168 996 1311 1061 Franco·

203 1098 342 1184 gallico:
379 1101 445 1160 Les
467 1117 567 1158 noces
590 1096 631 1157 de
655 1095 776 1159 Thetis
797 1107 830 1158 et
851 1096 892 1157 de
909 1096 1026 1169 Pelea,
1045 1102 1166 1176 poema
1186 1097 1227 1159 de
1246 1100 1311 1162 Ga-

202 1205 285 1266 tulle
313 1198 446 1262 traduit
477 1218 546 1279 par
575 1201 630 1261 M.
646 1201 686 1261 Ρ.
706 1202 748 1261 L.
761 1197 954 1280 Ginguene'.
997 1196 1116 1273 Paris,
1133 1198 1311 1263 Michaud.

205 1304 299 1368 1812.
325 1302 377 1364 12.
400 1320 589 1384 quamquam
605 1298 665 1386 ‘ille
688 1320 790 1384 neque
813 1298 943 1363 codices
964 1296 1113 1361 Lutetiae
1134 1312 1314 1366 asservatos

189 1426 307 1491 ‚neque
329 1401 501 1467 editionem
523 1398 717 1482 principem,
744 1421 806 1484 qua
827 1419 887 1480 par
908 1409 995 1473 erat,
1018 1397 1182 1482 diligentia
1203 1414 1316 1466 eontu-

151 1492 260 1584 vlit,
299 1504 453 1568 maiorem
481 1502 593 1575 etiam,
637 1523 729 1586 quam
752 1503 948 1576 merebatur,
981 1500 1160 1565 Alexandri
1182 1503 1317 1568 Guarini

206 1605 387 1674 recensioni
415 1602 635 1667 auctoritatem
665 1602 821 1666 tribuens.
859 1636 900 1648 —-
936 1602 1060 1666 Versus
1087 1603 1212 1689 aliquot
1233 1607 1319 1670 nulla

205 1715 268 1776 iam
296 1721 365 1772 arte
394 1707 460 1769 sine
490 1703 675 1768 melioribus
704 1703 797 1767 libris
818 1702 975 1767 sanandos
996 1705 1149 1770 asterisco
1171 1709 1319 1790 praefixo

207 1811 298 1888 dedi,
330 1819 365 1872 ut
386 1808 536 1891 leguntur
563 1804 595 1868 in
619 1803 799 1870 Codieiltus
819 1827 902 1869 nunc
924 1804 1027 1881 notis;
1055 1819 1195 1889 praestat
1216 1809 1320 1885 enim,

209 1914 345 1998 opinor,
368 1912 429 1971 hac
450 1907 483 1988 in
501 1929 536 1970 re
553 1907 692 1970 artifices
705 1906 841 1984 imitari,
863 1906 920 1993 qui
934 1908 1137 1994 antiquorum
1152 1911 1324 1977 simulacra

210 2031 322 2080 trunca
359 2011 565 2095 picturasque
601 2009 750 2074 evanidas
790 2007 916 2075 omissis
948 2010 1162 2076 recentiorum
1192 2014 1330 2097 supple?

212 2117 323 2183 urentis
344 2123 600 2196 repraesentare,
624 2134 717 2197 quam
740 2111 869 2177 mentita
882 2109 1067 2197 integritate
1081 2115 1192 2180 fallere
1207 2116 1327 2181 oculos

214 2222 344 2285 malunt.

278 2325 317 2386 lu
339 2320 516 2385 eiusdem
538 2322 686 2404 politae
708 2319 824 2405 Elegia
845 2324 885 2384 de
900 2340 992 2385 coma
1008 2319 1180 2386 Berenices
1194 2331 1328 2405 praeter

215 2424 354 2492 subsidia
383 2422 445 2486 iam
473 2435 648 2488 memorata
678 2446 716 2488 ac
737 2421 984 2488 Valckenarinm
1011 2423 1231 2503 (callimachi
1247 2427 1330 2490 Ele·

219 2529 359 2616 giorum
370 2523 665 2613 fragmentorum
682 2525 795 2609 elegio
807 2525 933 2590 Catulli
946 2525 1173 2591 Gallimnehea
1186 2529 1333 2591 collecta

217 2644 318 2717 atque
336 2629 511 2693 illustrata
529 2649 552 2690 α
570 2633 611 2692 L.
633 2632 671 2693 C.
692 2631 916 2694 Valckenaer.
936 2629 1048 2712 Lugd.
1066 2632 1144 2693 But.
1161 2630 1257 2694 1799.
1281 2629 1333 2710 8.)

218 2754 334 2818 magno
358 2729 435 2793 mihi
456 2731 669 2795 emolumento
691 2729 754 2793 fuit
774 2728 926 2813 Hugonis
948 2730 1084 2796 Foscoli
1117 2730 1224 2814 [aurici
1247 2731 1334 2807 mei,

220 2832 399 2901 Mediolani
422 2855 518 2918 quum
542 2836 707 2917 degerem,
740 2835 845 2914 probe
866 2831 945 2895 mihi
967 2833 1106 2918 cogniti,
1138 2844 1252 2917 postea
1275 2855 1336 2919 ge·

219 2933 417 3002 nerosissimi
430 2933 562 3010 exsulis,
586 2934 741 2999 Londinii
760 2956 862 3017 nuper
878 2933 1010 3016 mortui]
1032 2934 1115 2999 liber
1135 2935 1335 3021 inscriptus:

220 3046 272 3106 La
292 3037 434 3103 Chioma
456 3036 493 3098 dt
517 3038 695 3115 Berenice,
728 3057 855 3120 poema
875 3037 912 3101 dt'
935 3037 1138 3117 Cattimaro,
1175 3039 1340 3105 [radoldo

222 3144 268 3205 da
293 3138 433 3207 Valerio
455 3142 606 3216 Catullo,
645 3140 885 3224 volgarizzato
913 3141 956 3203 ed
981 3141 1155 3207 illustrato
1183 3144 1230 3205 da
1255 3144 1362 3227 Ugo,

223 3245 373 3315 Forento.
417 3241 555 3306 Miluno
587 3243 646 3305 dal
673 3242 783 3307 Genio
808 3242 1138 3326 tipografi001803.
1171 3245 1205 3308 8.
1250 3246 1342 3309 Nam

222 3343 369 3430 quamvis
401 3342 498 3405 animi
525 3367 617 3408 causa
645 3345 783 3428 optimus
810 3349 999 3427 politaeam
1021 3345 1172 3424 ediderit,
1209 3357 1244 3409 ut
1268 3371 1344 3411 um·

221 3445 366 3511 braticos
396 3445 549 3507 doctores
579 3446 773 3509 describeret
803 3469 840 3509 ac
868 3447 949 3511 salse
972 3447 1149 3526 derideret,
1180 3450 1268 3513 haud
1293 3450 1344 3515 in·

225 3549 396 3633 diligenter
408 3558 512 3609 tamen
525 3546 667 3611 enotavit
682 3548 866 3611 varietatem
882 3549 1029 3614 codicum
1045 3551 1345 3616 Ambrosianorum

224 3662 378 3737 quattuor
399 3651 442 3712 Y.
466 3651 541 3731 (M.
559 3649 628 3729 88.)
650 3651 694 3713 Α.
718 3653 774 3730 (8.
792 3652 860 3730 ut.)
883 3654 924 3715 B.
949 3655 1015 3732 (Η.
1030 3654 1099 3734 te.)
1122 3653 1164 3717 C.
1187 3655 1256 3735 (D.
1271 3656 1347 3735 21.)

225 3751 368 3818 omnium
389 3749 518 3836 quidem
540 3752 755 3816 recentiorum
778 3753 875 3816 seculi
897 3753 1000 3838 quinti
1024 3754 1154 3832 decimi,
1188 3766 1236 3833 et,
1275 3778 1346 3843 qno

225 3854 373 3937 pollebat
400 3853 529 3935 pulchri
557 3853 717 3939 exquisito
746 3876 856 3931 sensu,
892 3855 1010 3919 rectius
1039 3860 1076 3920 de
1100 3879 1177 3921 vera
1197 3856 1347 3924 lectione

226 3978 320 4037 saepe
342 3954 467 4032 statuit,
498 3980 591 4042 quam
611 3958 680 4040 ipse
702 3956 951 4033 Valckenarius,
983 3958 1038 4044 qui
1058 3961 1123 4024 hoe
1143 3958 1177 4023 in
1199 3960 1348 4025 carmine

227 4060 350 4121 edendo
373 4079 438 4122 non
460 4058 578 4139 minus,
615 4060 674 4123 etsi
703 4059 766 4124 alio
796 4065 911 4135 modo,
947 4060 1058 4125 lusisse
1081 4065 1257 4126 censendus
1282 4075 1348 4138 est,

227 4172 262 4223 ut
292 4158 414 4223 scilicet
441 4159 572 4247 ingenio
605 4161 786 4249 indulgeret
821 4185 991 4248 omnesque
1025 4163 1191 4229 doctrinae
1229 4167 1350 4250 copias

227 4262 369 4348 prodige
395 4266 582 4330 effunderet.
