2750 4744
205 169 266 231 166

270 323 356 389 Solis
378 334 409 385 et
431 318 540 383 atratis
562 314 681 378 luxerit
704 312 795 377 orbis
818 310 929 393 equis:

206 429 276 494 Cur
297 438 388 489 'serus
412 441 544 485 versare
565 422 667 480 hoves
692 426 724 477 et
750 415 893 495 plaustra
915 412 1061 475 Bootes:

269 529 432 592 Pleiadum
452 524 557 603 spisso
572 531 638 580 cur
660 519 726 580 coit
744 515 819 596 igne
844 515 983 576 chorus:

208 631 318 696 Curre
340 647 416 690 suos
439 624 519 686 fines
542 622 638 684 altum
665 639 729 683 non
753 627 846 679 exeat
869 635 1011 698 aequor,

269 733 389 798 Plenus
411 727 494 792 etin
520 735 629 807 partes
652 731 806 806 quattuor
825 736 925 780 annus
946 725 1015 778 eat:

207 838 275 901 Sub
297 834 391 898 terris
412 831 475 895 siut
496 830 563 892 iura
587 829 679 889 deum
703 835 735 886 et
756 830 915 886 tormenta
939 817 1122 904 gigantum

270 939 462 1018 Tisiphones
487 945 558 995 atro
581 931 608 992 si
628 928 709 991 furit
732 945 836 1010 angue
858 934 975 1005 caput3
1289 914 1330 975 to

206 1043 276 1106 Aut
298 1034 526 1102 Alcmaeoniae
547 1031 652 1096 furiae
675 1039 728 1091 aut
749 1025 865 1090 ieiunia
890 1023 1022 1097 Phinei;

271 1144 357 1205 Num
380 1149 469 1211 rota,
495 1156 567 1196 nram
591 1130 732 1212 scopuli,
758 1150 831 1190 num
855 1125 921 1189 sitis
944 1127 1026 1187 inter
1049 1143 1167 1206 aquas3

208 1246 294 1307 Num
316 1241 418 1304 trihus
441 1237 599 1299 infernum
623 1231 764 1294 custodit
786 1229 932 1291 saucibus
955 1237 1079 1289 antrum

276 1343 439 1407 Cerberus
462 1351 492 1400 et
516 1336 616 1414 Tityo
638 1334 750 1415 iugera
773 1350 875 1411 pauca
897 1349 1034 1392 novem:

211 1446 265 1507 An
287 1442 360 1505 ficta
382 1442 414 1503 in
436 1439 567 1500 miseras
589 1432 751 1496 descendit
771 1430 878 1494 fabula
902 1441 1012 1513 gentes

273 1546 319 1607 Et
340 1543 437 1604 timor
458 1541 542 1600 haud
563 1535 647 1598 ultra
670 1554 763 1617 quiam
785 1552 890 1615 rogus
910 1551 980 1592 esse
1001 1539 1124 1610 potest.

117 1721 131 1733 „
211 1644 326 1709 Exitus
349 1643 400 1704 hic
425 1642 507 1703 vitae
530 1647 661 1719 superet
684 1634 770 1696 mihi.
817 1635 909 1705 Vos,
935 1631 1050 1713 quihus
1074 1649 1160 1691 arma
1217 1608 1223 1621 ¹

275 1748 377 1808 Grata
399 1741 517 1824 magis,
543 1736 654 1802 Crassi
675 1738 764 1818 signa
787 1733 904 1796 referte
927 1735 1069 1795 domuin.

430 1940 509 1998 Lus.
532 1934 599 1997 111.
645 1929 826 1994 ELEGIA
848 1928 913 1990 IX.
937 1925 1023 2005 (IV.
1041 1922 1123 2000 XI.)

216 2063 301 2143 Quid
323 2059 458 2134 mirare,
483 2068 583 2117 meam
606 2052 632 2115 si
653 2059 762 2113 versat
782 2046 898 2110 semina
921 2043 1018 2108 vitam

277 2164 322 2225 Et
343 2158 442 2222 trahit
465 2156 625 2218 addictum
650 2154 709 2214 sub
732 2171 787 2213 sua
810 2149 878 2211 iura
900 2147 1023 2219 virum,

215 2261 421 2342 Criminaque
443 2255 552 2341 ignavi
574 2253 686 2336 capitis
708 2252 785 2315 mihi
806 2249 912 2333 turpia
934 2247 1052 2330 fingis,

279 2363 377 2442 Quod
399 2379 552 2442 nequeam
576 2357 679 2418 fracto
702 2371 853 2434 rumpere
876 2347 1105 2433 vincla'iugo‘?

216 2467 396 2527 Venturam
419 2460 529 2522 melius
551 2454 715 2539 praesagit
738 2453 843 2518 navita
865 2462 1016 2524 noctem;

279 2561 478 2627 Vulneribus
501 2558 609 2622 didicit
630 2556 718 2618 miles
741 2555 860 2617 hahere
884 2565 1012 2615 metum.

153 2701 156 2713 ·
215 2668 282 2728 Ista
305 2685 368 2747 ego
390 2659 562 2744 praeterita
583 2656 700 2724 iactavi
722 2657 821 2718 verba
843 2655 994 2727 iuventa;
1057 2666 1063 2679 ·

279 2769 332 2829 Tu
354 2784 436 2826 nunc
459 2761 607 2840 exeniplo
631 2757 716 2818 disce
738 2755 851 2817 timere
874 2775 959 2817 meo.

222 2867 353 2931 Colchis
376 2865 547 2945 flagrantes
571 2857 765 2921 adamantina
790 2855 948 2937 subiuga
971 2866 1084 2918 tauros

281 2965 361 3050 Egit
383 2976 414 3026 et
436 2963 594 3046 armigera
617 2959 740 3041 proelia
764 2958 846 3020 sevit
868 2958 986 3032 humo;
1297 2958 1337 3018 10

287 3185 330 3231 36.
349 3184 428 3228 imbrs
449 3183 532 3227 Heius.
554 3179 715 3225 coni.Bur1n.
772 3174 812 3221 ll.
831 3179 976 3232 Alcmaeon,
997 3177 1135 3232 Amphiarai
1152 3175 1233 3228 fitius,
1254 3178 1338 3218 matris

217 3255 348 3310 Eriphylae
370 3253 476 3296 occisor.
495 3270 529 3282 -
551 3250 672 3303 Phineus,
701 3247 817 3290 Arcadiae
836 3259 893 3300 rex,
922 3251 1021 3301 propter
1047 3243 1124 3289 fillum
1153 3247 1305 3288 excaecatum
1326 3257 1337 3284 a

217 3325 270 3367 Diis
290 3325 429 3365 excaecatus
451 3325 475 3364 et
495 3318 655 3372 llarpyiarum
679 3316 782 3374 ingluvie
803 3315 915 3369 punitus,
935 3317 968 3370 (v.
992 3314 1063 3358 Ouid.
1084 3314 1146 3357 utet.
1171 3310 1202 3365 l,
1224 3309 1250 3356 8.
1282 3313 1337 3356 Vel.

217 3391 298 3434 Flacc.
320 3386 350 3442 4,
371 3383 444 3442 625.)
463 3389 524 3442 apud
542 3387 696 3441 Propertium
716 3385 788 3428 otiam
810 3384 834 3426 in
856 3383 930 3427 Orco.

451 3513 453 3519 ,
544 3491 598 3534 uis.
619 3491 664 3533 iu.
694 3487 797 3536 nucu.
818 3488 864 3532 ix.
885 3488 941 3546 (iv.
961 3488 1010 3540 x.)

271 3594 294 3640 5,
306 3593 357 3635 Pro
375 3604 397 3634 v.
410 3589 500 3632 melius
513 3587 620 3630 Marti:
637 3609 668 3618 -
682 3584 787 3638 vetulus,
801 3584 900 3628 Lachm.
915 3585 988 3630 olim:
1005 3605 1033 3614 -
1041 3581 1152 3638 pccidua
1163 3582 1339 3636 suspicabatur.

216 3662 253 3705 lh.
274 3665 378 3703 mortem
397 3659 474 3703 Codd.
498 3657 589 3710 plures.
639 3651 676 3697 13.
706 3652 829 3711 quondum
846 3667 858 3696 e
878 3651 937 3696 Cdd.
959 3653 1007 3696 lac.
1034 3650 1080 3694 L2.
1103 3673 1136 3684 —
1155 3655 1246 3693 contra
1266 3665 1279 3694 e
1298 3650 1338 3694 ca.
1366 3659 1367 3668 ¹

216 3730 317 3773 Meutel.
337 3728 428 3785 Vulgo.
483 3721 525 3767 tt.
552 3723 720 3776 Penthesilea,
753 3723 899 3765 Ainazonum
925 3720 1068 3778 reginaab
1096 3719 1192 3763 Achille
1213 3714 1346 3763 interiecta*

216 3799 288 3855 vulgo
306 3797 418 3840 traditur.
441 3808 463 3841 v.
490 3794 604 3850 Quintum
629 3793 724 3841 Sauram.
757 3790 812 3834 Lib.
835 3787 858 3834 l.
884 3789 925 3833 s'ed
947 3790 1009 3833 alios
1031 3793 1143 3832 auctores
1163 3786 1187 3830 h.
1208 3789 1225 3830 l.
1248 3792 1345 3832 secutus·

217 3872 254 3911 est
275 3869 367 3908 noster.
434 3861 476 3909 18.
509 3860 632 3920 Gygaeua
651 3861 722 3902 lucus
749 3858 803 3903 xl..
825 3858 1013 3902 stadia‘aberat
1034 3871 1047 3899 a
1070 3855 1199 3900 Sardibus.
1220 3855 1290 3899 Plin.
1311 3836 1345 3906 5:

217 3933 260 3980 29.
321 3929 363 3978 23.
390 3935 423 3976 ita
453 3931 529 3975 Codd.
556 3930 663 3985 plerique
694 3927 723 3970 L.
750 3929 789 3971 nt.
810 3927 897 3970 misit:
924 3926 1006 3972 Iacob.
1026 3949 1059 3959 —
1078 3923 1192 3968 immissa*
1210 3925 1296 3982 vulgo.
1313 3946 1341 3955 -

209 4002 270 4055 ‚Cin
291 4002 401 4045 Cui-tium
416 4001 448 4051 5,
470 4000 502 4062 t,
523 3994 565 4038 23.
585 4009 673 4038 unitrice
701 3996 840 4038 instructus
869 3994 992 4037 laterculo
1009 3994 1114 4046 coctili,
1145 3991 1271 4035 bitumine
1285 3990 1342 4036 tnti-

217 4077 272 4123 tua,
303 4070 414 4125 epatium
435 4062 549 4110 XXXII.
577 4061 668 4117 pedum
689 4062 822 4106 latitudine
840 4063 1009 4119 amplectitur.
1055 4058 1205 4121 Qatudrigae
1225 4061 1297 4103 inter
1320 4071 1342 4102 aa

220 4141 380 4180 occurrentes
401 4134 456 4177 aine
482 4130 595 4186 periculo
613 4140 753 4171 commeare
777 4130 903 4174 dicuntur.
960 4128 1003 4173 26.
1023 4142 1132 4188 surgere
1149 4127 1228 4172 Codd.
1251 4140 1342 4172 onmes.

218 4223 252 4238 ··
278 4202 383 4249 subdare
409 4200 472 4244 coni.
496 4198 579 4241 Burin.
603 4195 674 4250 primi
694 4200 717 4238 et
739 4197 838 4242 Schrcd.
865 4201 961 4252 recepta
987 4213 1000 4240 a
1028 4196 1128 4242 Lachm.
1161 4196 1236 4251 proh.
1265 4196 1342 4241 laeoh.
