2750 4744
218 202 279 261 170

217 359 271 419 Tu
291 368 384 437 potes
405 354 533 417 insanae
555 353 693 416 Veneris
716 372 923 434 compescere
945 348 1063 418 fastus*

279 456 503 538 curarumque
523 466 582 518 tuo
603 454 639 516 fit
661 453 814 518 medicina
836 476 940 519 mero.

216 560 283 622 Per
304 569 337 621 te
357 557 551 641 iunguntur,
573 568 686 637 perte
708 556 880 618 solvuntur
901 569 1067 621 amantes:

279 661 333 721 Tu
353 658 465 721 vitium
487 679 528 721 ex
550 657 654 721 animo
676 657 782 732 dilue,
807 659 957 733 Bacche,
983 681 1070 723 meo.

216 762 266 823 'l'e
287 780 416 843 quoqne
437 758 518 822 enim
540 779 605 820 non
627 778 697 821 esse
716 762 828 822 rudem
850 770 987 822 testatur
1008 759 1041 821 in
1063 760 1163 822 astris

278 860 442 939 Lyncibus
464 861 503 920 ad
525 859 644 920 caelum
666 869 759 920 vecta
780 857 927 921 Ariadna
947 859 1025 921 tnis.

215 962 291 1025 Hoc
313 959 407 1034 mihi,
431 960 519 1041 quod
541 970 666 1021 ueteres
687 958 880 1021 custoditio
903 959 1032 1023 ossibus
1055 960 1167 1044 ignes,

278 1062 406 1123 Funera
428 1062 584 1122 sanabunt
605 1071 659 1120 aut
680 1070 734 1121 tua
758 1058 830 1121 vina
853 1060 982 1122 malum.
1296 1067 1333 1124 lo

216 1161 350 1243 Semper
371 1162 451 1226 enim
474 1181 595 1224 vacuos
617 1182 683 1223 nox
705 1159 815 1224 sobria
836 1172 969 1243 torquet
991 1175 1156 1239 amantes,

278 1265 424 1348 Spesque
445 1262 605 1345 timorque
627 1261 762 1323 animum
786 1274 891 1324 versat
913 1274 1055 1343 utroquo
1076 1266 1190 1328 modo.

216 1365 313 1443 Quod
334 1365 380 1440 si,
405 1365 549 1438 Bacche,
572 1362 636 1424 tuis
657 1384 718 1443 per
738 1363 865 1425 feruida
887 1375 1035 1445 tempora
1058 1365 1154 1427 donis

277 1465 460 1528 Arcessitus
482 1465 543 1526 erit
564 1485 695 1527 somnus
717 1462 748 1525 iu
772 1484 845 1526 ossa
868 1484 957 1526 meat

215 1565 291 1646 lpse
312 1587 417 1628 seram
441 1565 520 1627 vites
540 1585 742 1648 pangamque
764 1585 805 1627 ex
828 1565 941 1629 ordine
963 1566 1083 1639 colles,
1293 1571 1331 1630 15

279 1668 370 1746 Quos
393 1677 525 1747 carpant
545 1666 650 1727 nullae
672 1686 720 1727 me
743 1665 897 1750 vigilante
919 1667 1025 1730 serae:

214 1769 399 1833 Dummodo
420 1788 586 1850 purpureo
609 1779 755 1848 spument
777 1767 854 1829 mihi
875 1767 961 1831 dolia
984 1781 1091 1831 musto

277 1872 322 1932 Et
343 1889 427 1932 nova
449 1879 633 1948 pressantes
655 1867 798 1952 inquinet
820 1889 883 1930 uva
906 1871 1020 1948 pedes.

214 1971 313 2049 Quod
333 1981 483 2052 superest
506 1969 608 2045 vitae,
632 1990 692 2050 per
713 1980 744 2030 te
767 1980 821 2031 tua
843 1989 982 2043 cornua,
1008 1969 1117 2033 vivam

278 2072 482 2155 Virtutisque
504 2083 593 2147 tuae,
618 2071 764 2144 Bacche,
787 2073 888 2151 poe'ta
909 2069 1012 2133 ferar.

214 2173 327 2237 Dicam
350 2193 413 2256 ego
437 2183 597 2235 maternos
619 2173 766 2234 Aetnaeo
788 2171 921 2234 fulmine
942 2184 1073 2254 partus,

278 2274 385 2336 Iudice
408 2273 543 2352 Nysaeis
565 2293 651 2334 arina
672 2272 782 2354 fugata
803 2258 937 2338 choris:

215 2376 442 2457 Vesanumque
464 2395 548 2437 nova
572 2373 782 2457 nequidquam
805 2374 837 2434 in
861 2375 925 2438 vite
947 2377 1158 2461 Lycurgum,

277 2476 443 2539 Pentheos
464 2472 497 2536 in
520 2474 662 2556 triplices
682 2473 797 2536 frrucra
820 2487 912 2558 grata
934 2483 1091 2560 greges‚'

218 2575 392 2660 (lucraque
416 2578 605 2655 Tyrrhenos
627 2575 808 2659 delphinum
830 2597 972 2659 corpora
994 2590 1107 2643 nautas
1292 2587 1332 2648 25

182 2830 188 2835 -
284 2796 310 2842 8.
330 2796 364 2842 od
386 2797 462 2842 Codd.
485 2799 609 2850 meliores,
628 2796 727 2841 Lachm.
742 2816 776 2831 -
793 2798 821 2841 in
837 2799 920 2856 uulgo.
982 2795 1024 2842 10.
1044 2804 1090 2841 nut
1108 2798 1186 2844 Codd.
1209 2801 1240 2846 L.
1263 2827 1296 2836 -
1315 2809 1338 2846 et

214 2869 298 2911 Volsc.
323 2868 404 2912 -eal
420 2868 502 2924 vulgo.
521 2866 678 2920 („Purticala
699 2870 744 2909 cut
763 2878 865 2920 prorsus
882 2867 987 2910 excludit
1007 2869 1130 2921 alterum,
1151 2869 1192 2913 rel
1208 2871 1338 2915 admittit.”

214 2936 314 2980 Lacum.
333 2948 357 2990 p.
378 2933 452 2993 ³18.)
508 2933 549 2978 12.
569 2941 671 2993 utroque
688 2931 771 2990 modo]
790 2935 866 2978 Codd.
881 2936 938 2991 aliq.
960 2934 1076 2989 probante
1096 2936 1221 2981 lluscliliio
1237 2941 1270 2983 ad
1282 2940 1336 2983 Tit».

216 3005 248 3060 1,
270 3002 300 3059 8,
322 3002 363 3049 11.
406 3005 454 3049 lec.
474 3003 523 3048 L2.
543 3027 576 3038 —
592 3009 694 3062 utroque
709 3016 791 3046 meum
809 3005 899 3062 Vulgo.
914 3023 948 3035 -
967 3004 1084 3062 utrinque
1103 3018 1187 3049 meum
1199 3007 1267 3050 haud
1279 3009 1338 3051 male

215 3075 292 3122 Grou.
312 3074 447 3130 Perreius3
466 3075 513 3118 uisi
531 3073 593 3130 quod
612 3072 730 3116 sententia
753 3072 875 3130 generalis
895 3072 987 3115 ridetur
1004 3074 1033 3115 de
1047 3073 1160 3117 omnibus
1182 3077 1337 3128 amentibus,

214 3146 302 3189 nonde
317 3143 446 3199 Propertio
465 3144 528 3188 solo.
568 3140 609 3186 15.
628 3141 716 3184 caulas
736 3133 825 3184 ¹Burin.
850 3140 921 3195 primi
944 3141 1008 3184 coui.
1050 3139 1090 3185 19.
1106 3148 1267 3198 pertatem
1285 3159 1339 3189 cor·

213 3227 265 3257 nuo
283 3216 379 3270 egregie
397 3210 445 3257 L2.
466 3226 495 3257 ex
514 3211 585 3255 solita
602 3210 724 3263 formula,
749 3211 778 3253 de
797 3223 844 3266 qua
863 3210 900 3266 egi
919 3214 974 3264 post
991 3207 1150 3253 Garatouiuui
1169 3214 1200 3255 ad
1218 3211 1339 3258 Plancio-

213 3294 273 3325 num
291 3282 321 3324 C.
342 3278 384 3327 42.
402 3294 449 3336 per
466 3294 509 3326 coe
520 3277 653 3338 fortunus,
662 3292 711 3335 per
722 3278 816 3322 liberos
833 3283 943 3322 cestros..
959 3279 1039 3336 Vulgo
1058 3291 1132 3333 paene
1151 3281 1278 3328 ridicule:
1296 3297 1339 3340 per

214 3354 237 3393 te
256 3353 280 3391 et
298 3353 341 3390 tua
358 3361 462 3394 cornua.
526 3347 568 3394 27.
588 3347 666 3392 olenti
677 3346 800 3409 flumine,
827 3350 943 3390 commate
962 3351 1017 3400 post
1034 3360 1132 3391 merum
1150 3350 1256 3404 posito,
1278 3353 1338 3395 Scal.

215 3417 278 3462 coni.
298 3419 487 3474 vulgorecepta.
543 3415 586 3462 28.
603 3416 682 3473 polet]
704 3415 765 3460 Cod.
783 3415 860 3460 Gron.
887 3415 936 3458 lac.
954 3421 1028 3459 recte.
1049 3429 1072 3459 v.
1093 3417 1208 3461 Huschke
1228 3421 1263 3462 ad
1286 3421 1337 3464 'l'ilu

182 3508 185 3515 ·
215 3484 245 3541 2,
266 3484 296 3541 t,
316 3483 358 3531 38.
378 3493 402 3531 et
420 3485 450 3542 l,
471 3485 501 3540 1,
526 3485 569 3531 25.
607 3485 739 3538 „Scrilruut
758 3484 838 3528 Latini
860 3485 996 3539 promiscue
1024 3497 1047 3527 u.
1079 3497 1101 3528 c.
1132 3484 1211 3529 turdo
1240 3489 1300 3532 ruit
1321 3494 1340 3531 ct

214 3554 287 3600 turdo
298 3561 384 3601 ruunt.
404 3557 456 3602 Nou
470 3555 579 3600 scribunt
587 3559 664 3598 ruunt
672 3552 763 3608 turdo,
783 3555 825 3598 sed
835 3553 887 3596 ruit
898 3552 999 3595 turba.¹'
1013 3573 1042 3583 -
1054 3558 1144 3607 potant
1154 3555 1250 3611 reliqui
1266 3557 1339 3600 Codd.

213 3626 303 3684 Vulgo.
319 3623 366 3670 L2.
386 3646 420 3659 -
436 3624 526 3671 Naxia
542 3623 616 3669 turba
630 3623 729 3668 offendit
746 3636 802 3666 sanc
821 3628 877 3677 post
893 3620 1002 3672 Naxon,
1022 3620 1080 3664 uihil
1099 3628 1181 3666 tamen
1200 3623 1339 3669 iuvantibus

214 3693 299 3749 libris,
330 3708 431 3751 quorum
455 3696 546 3750 aliquot
572 3691 667 3745 noxio,
699 3706 759 3736 uuus
785 3691 911 3734 maximo.
976 3686 1019 3734 30.
1043 3686 1219 3746 Baesuris-a„
1256 3694 1339 3738 Bacchi

214 3763 300 3817 ipsius,
320 3764 359 3819 qui
377 3761 523 3808 Buccureue
537 3762 659 3808 dicebatur
678 3775 691 3803 a
709 3775 767 3805 voce
786 3760 892 3804 Thracia
909 3751 1069 3825 βασσάρα,
1090 3758 1184 3813 vulpes.
1224 3760 1338 3812 Ceterae.

214 3845 274 3888 quae
293 3832 318 3875 lu.
344 3834 361 3875 l.
386 3837 551 3877 memorantur
574 3831 669 3874 fabulae
693 3830 823 3874 Bacchicae
848 3829 907 3871 satis
931 3832 987 3870 suut
1010 3830 1095 3870 uotae:
1121 3828 1152 3869 ad
1180 3841 1206 3872 u.
1229 3827 1279 3874 21.
1299 3831 1338 3875 etr.

215 3900 286 3948 Ouid.
300 3899 361 3945 uter.
386 3898 415 3955 3,
437 3898 499 3947 253.
517 3914 540 3944 v.
562 3898 604 3944 22.
622 3900 656 3943 id.
671 3896 702 3954 1,
723 3895 765 3942 20.
782 3912 805 3941 v.
822 3893 865 3940 23.
884 3899 912 3940 ds
930 3894 1071 3953 Lycurgo,¹
1090 3895 1205 3940 Edonum
1230 3912 1296 3957 rego
1314 3900 1338 3941 ll.

215 3970 244 4028 ζ,
264 3966 323 4015 itu.
345 3970 434 4029 llygiu.
450 3972 469 4013 l.
489 3966 548 4012 132.
568 3970 596 4012 de
614 3963 720 4010 Pentheo
737 3967 822 4019 Eurip.
843 3964 930 4008 Bacch.
948 3959 1025 4007 1023.
1052 3962 1262 4018 01111113,
1286 3964 1339 4011 5¹5.

216 4038 336 4081 donantis
354 4036 499 4097 Tyrrhenis
514 4034 668 4077 Homericum
680 4034 761 4086 hymn.
773 4036 797 4078 iu
808 4034 896 4077 Bacch.
911 4032 983 4076 ovid.
999 4031 1060 4075 Mel.
1073 4027 1103 4084 3,
1125 4028 1187 4076 629.
1209 4035 1242 4077 de
1256 4035 1339 4080 Bacchi

217 4105 316 4149 adventu
334 4106 358 4149 iu
373 4104 469 4151 Naxon
483 4101 573 4146 catull.
593 4099 698 4152 Epithat.
714 4102 744 4143 P.
764 4106 787 4145 ct
802 4102 877 4147 ll'het.
895 4097 956 4144 252.
1013 4095 1057 4143 33.
1078 4096 1155 4142 Codd.
1174 4114 1267 4147 omncs
1286 4104 1311 4148 h.
1325 4104 1339 4145 l.

218 4173 339 4227 tympana
357 4179 381 4217 et
398 4186 421 4217 v.
446 4169 489 4215 36.
512 4165 638 4225 cymbula.
658 4166 741 4209 Burni.
760 4169 815 4212 Sec.
843 4175 867 4213 ct
887 4168 987 4212 Lechm.
1007 4167 1031 4211 iu
1056 4167 1102 4211 Ed.
1123 4181 1162 4222 pr.
1182 4174 1341 4226 uansposua·

218 4242 275 4281 runt
292 4243 416 4297 utrumque
435 4250 489 4282 voc.
505 4234 577 4277 Recte
596 4232 707 4276 refutauit
724 4234 810 4280 lecobs
826 4233 909 4282 Blum.
927 4249 951 4291 p.
973 4233 1034 4282 219.
1071 4236 1124 4280 Gir.
1146 4238 1222 4283 etiam
1243 4240 1339 4285 Waket.
