2772 4750
289 517 470 584 euroin
493 512 558 580 An
581 467 865 582 uonrnuuu.
931 600 935 609 .

27 650 90 714 Etsi
110 668 164 710 me
189 647 316 710 assiduo
339 648 522 711 confectum
545 672 622 712 cura
646 651 760 715 dolore

83 750 226 811 Sevocat
248 769 266 809 a
287 748 411 823 doctis,
433 750 589 825 Hortalo,
614 750 812 833 virginibus,

27 850 89 910 Nec
106 848 197 929 potis
219 859 265 910 est
285 848 385 910 dulcis
407 851 576 912 Musarum
599 872 791 932 expromere
809 853 893 918 fetus

83 950 182 1010 Mens
201 948 315 1010 animi:
339 948 447 1027 (tantis
468 950 601 1011 fluctuat
622 950 691 1030 ipsa
711 951 821 1023 malis;

27 1050 170 1130 Namque
192 1048 254 1109 mei
276 1070 377 1129 nuper
399 1051 545 1111 Lethaeo
568 1049 698 1133 gurgite
714 1048 826 1112 fratris

85 1147 280 1211 Pallidulnm
299 1169 427 1210 innuens
450 1149 540 1210 alluit
559 1153 641 1210 unda
663 1153 798 1230 pedem3

27 1251 128 1311 Troia
150 1250 301 1311 Rhoeteo
321 1270 413 1330 quem
439 1251 548 1310 subter
568 1250 665 1312 litore
687 1251 800 1326 tellus,

38 1332 58 1341 Η
86 1351 245 1427 Ereptum
268 1350 387 1410 nostris
409 1348 530 1410 obterit
554 1371 595 1410 ex
614 1350 730 1413 oculis.

28 1451 81 1510 Tu
100 1469 180 1508 mea
204 1459 243 1508 tu
270 1448 419 1509 moriens
428 1446 586 1535 fregisti
607 1451 787 1537 commoda
793 1450 940 1540 frater,

87 1551 218 1611 Tecum
239 1568 311 1609 una
331 1559 406 1609 tota
427 1560 479 1609 est
501 1560 623 1611 nostra
644 1553 779 1631 sepulta
798 1552 937 1632 slomusf
1102 1553 1143 1614 io

27 1649 151 1711 Omnia
173 1660 284 1709 tecum
302 1650 373 1708 uria
385 1649 568 1729 perierunt
588 1650 720 1730 gaudia
742 1664 881 1726 nostra,

87 1753 185 1830 Quae
208 1760 289 1809 tuus
309 1747 346 1808 in
366 1749 438 1809 vita
459 1748 569 1831 dauleio
588 1751 700 1812 alebat
720 1772 832 1814 amor.

28 1848 93 1911 Hei
114 1848 241 1909 misero
251 1846 375 1935 fratri
396 1848 584 1910 iucundum
605 1853 719 1913 lumen
741 1853 972 1932 ademptuml·

89 1951 279 2031 Nunquam
301 1969 366 2029 ego
385 1959 435 2022 te,
460 1948 587 2010 misero
597 1948 729 2036 frater
750 1951 907 2031 adempte
930 1951 1013 2013 mihi
1199 2018 1202 2033 ,

30 2048 205 2131 Alloquar,
229 2045 360 2108 audiero
382 2067 540 2130 nunquam
561 2045 736 2135 tuafacta
754 2047 965 2134 loquentem?
1103 2050 1142 2117 15

92 2150 262 2231 Nunquam
284 2164 347 2229 ego
370 2157 419 2220 te,
442 2145 508 2208 vita
530 2145 631 2209 frater
654 2147 839 2224 amabilior,

32 2247 194 2329 Aspiciam
216 2247 366 2326 posthae.
411 2247 456 2308 At
479 2256 565 2308 certe
587 2266 714 2327 semper
737 2249 869 2322 amabo,

92 2347 227 2426 Semper
249 2356 365 2407 ntaesta
387 2355 440 2407 tua
463 2343 603 2407 earmina
626 2356 730 2409 morte
753 2368 879 2422 canam,

32 2447 143 2525 Qualia
162 2448 221 2507 sub
245 2446 347 2507 densis
369 2466 531 2508 ramorum
553 2444 697 2507 concinit
718 2446 839 2509 umbris

91 2547 222 2610 Daulias
245 2544 402 2624 absumpti
423 2545 488 2607 fata
511 2562 638 2627 gemens
658 2543 769 2624 Ityliz)
861 2560 868 2565 “

32 2645 94 2706 Sed
113 2657 218 2706 tamen
237 2644 270 2704 in
291 2643 386 2705 tantis
410 2644 626 2718 maeroribus,
648 2643 803 2718 Hortalo,
826 2643 918 2708 mitto

92 2747 185 2807 Haec
208 2765 358 2824 expressa
381 2743 440 2805 tibi
464 2742 603 2805 carmina
622 2742 804 2805 Battiadae:
970 2729 974 2737 ⁷

33 2845 80 2906 Ne
102 2842 155 2905 tua
180 2842 264 2905 dicta
286 2843 611 2928 vagisnequidqnam
634 2842 756 2905 eredita
777 2842 881 2905 ventis
907 2899 911 2903 .

92 2944 264 3007 Efflnxisse
285 2965 356 3008 meo
378 2942 466 3007 forte
487 2952 579 3024 putes
596 2941 720 3017 animo,

388 3134 509 3179 abacia
526 3134 569 3177 AD
587 3133 778 3180 HORTALUM.

41 3248 45 3251 -
84 3220 109 3266 2.
128 3221 292 3266 Probabiliter
306 3221 448 3277 intelligitur
459 3221 489 3276 Q.
501 3221 643 3263 Hortensius
654 3224 752 3272 orator,
773 3230 842 3274 quern
852 3217 904 3262 Cic.
913 3217 961 3261 nti.
973 3215 998 3271 2,
1007 3215 1048 3264 25.
1067 3215 1091 3274 l,
1101 3217 1143 3265 15.

33 3289 157 3334 llos-talum
175 3291 295 3342 nominat,
320 3289 433 3344 cuiusque
453 3301 526 3342 nepos
544 3290 579 3330 M.
600 3289 711 3331 Hortalus
730 3290 877 3329 memoratur
893 3286 952 3330 Tac.
971 3286 1033 3330 Anu.
1049 3286 1079 3340 2,
1101 3284 1143 3331 37.

33 3361 57 3400 et
75 3354 142 3401 Suet.
165 3358 223 3401 Tib.
242 3355 285 3401 ll.
313 3358 401 3400 Valek.
423 3361 516 3408 tamen,
542 3369 613 3410 quum
628 3356 704 3399 Codd.
722 3359 746 3397 et
764 3354 824 3397 itud.
842 3358 899 3401 vett.
917 3354 1019 3398 habeant
1041 3354 1144 3408 Ortule,
1200 3374 1204 3377 ·

34 3438 118 3468 nomen
134 3426 254 3469 Graecum
266 3422 344 3467 fictum
358 3417 602 3491 οευεοῑὌρταλος.
622 3424 668 3468 Sed
681 3424 797 3466 italorum
815 3435 883 3465 more
902 3423 1034 3475 adspiratio
1053 3424 1146 3467 videtur

33 3494 121 3535 omissa
139 3505 202 3535 esse.
241 3490 265 3536 l.
285 3492 336 3534 ictu
346 3493 429 3535 licius.
467 3490 491 3535 8.
511 3491 604 3549 obtegit
620 3491 781 3533 Codcl.Voss.
825 3487 928 3534 9-1t.
952 3489 976 3533 h.
989 3493 1005 3534 l.
1021 3502 1050 3532 ex
1062 3488 1147 3548 Elegia

34 3562 61 3603 sd
74 3561 190 3603 Manlium
202 3561 303 3603 inseruit
315 3560 489 3602 Lachmanuus.
529 3556 569 3602 15.
589 3559 663 3602 Deest
677 3560 700 3601 in
717 3559 776 3600 Cdd.
785 3558 842 3612 aliq.
857 3579 890 3589 -
903 3555 1008 3612 audiero
1020 3569 1147 3615 nunquam

34 3629 121 3670 eGdd.
136 3628 232 3670 etEdd.
246 3632 303 3671 velt.
321 3628 375 3671 Sili.
392 3627 491 3671 Lacbm,
520 3628 614 3683 Vulgo:
633 3625 772 3683 Alloquor?
790 3623 927 3667 ‹sedlerone
947 3636 1064 3681 uuquam.
1085 3626 1148 3669 'l'um

33 3707 114 3748 prov.
124 3692 214 3752 sacia,
235 3695 398 3739 multicerba.
428 3697 559 3750 Utrumque
575 3709 598 3737 r.
615 3708 668 3737 cuin
680 3695 734 3736 aliis
747 3692 828 3734 omisit
838 3691 936 3734 Lachm.
974 3688 1017 3737 20.
1036 3691 1148 3737 Daulias

34 3762 58 3808 li,
73 3764 89 3805 i.
102 3763 252 3815 Philomela,
273 3764 308 3805 sic
323 3766 384 3805 dicta
403 3763 432 3806 ab
448 3764 507 3805 urbs
523 3762 607 3804 Daulia
626 3762 651 3804 in
668 3762 788 3812 Phocide,
810 3760 848 3801 ubi
868 3764 927 3802 teste
947 3758 1091 3812 Thucyd.2‚
1104 3756 1146 3805 292

34 3832 112 3874 sedem
122 3831 206 3873 babuit
215 3831 318 3873 Tereus.
357 3831 393 3873 lb.
413 3829 495 3888 Itylus
509 3834 534 3872 ut
546 3828 634 3878 Odrss.
646 3841 676 3881 τ,
692 3827 750 3872 518.
769 3829 832 3870 idem
848 3827 888 3883 qui
899 3827 959 3870 alias
971 3826 1030 3879 itys.
1042 3841 1065 3871 v.
1074 3828 1148 3889 Voss.

35 3899 143 3955 advirg.
158 3898 211 3941 Eri.
226 3896 256 3951 6,
272 3896 313 3942 80.
351 3896 393 3942 22.
414 3897 717 3955 superimmensus.
736 3896 849 3939 lletinent
861 3896 947 3940 Vultis.
958 3894 1030 3937 Fosc.
1052 3916 1084 3928 ·-
1102 3904 1148 3936 ca·-

35 3971 117 4022 cerpta
130 3968 194 4009 Scal.
211 3987 240 3997 ·-
260 3972 386 4021 expressa
400 3967 455 4009 ΑΜ.
467 3958 542 4009 Dour·
557 3966 610 4008 Sill.
623 3962 721 4007 Lachm.
736 3977 797 4006 nunc
813 3965 925 4016 praetuli,
952 3962 989 4004 lb,
1003 3958 1149 4016 Battiadae]

36 4032 106 4084 „lion
121 4049 134 4075 a
151 4035 275 4077 conditore
289 4034 412 4088 Cyrenes,
433 4035 474 4077 sed
491 4033 520 4076 ab
539 4034 592 4087 ipso
610 4036 678 4085 patre
690 4031 850 4076 Callimachus
862 4030 909 4074 luit
920 4029 1041 4072 Dattiades
1054 4029 1147 4081 dietus;

36 4115 87 4145 nam
103 4103 214 4155 Battum,
233 4103 311 4146 uirum
329 4103 393 4145 bello
412 4104 518 4155 clarum,
544 4105 637 4155 patrem
654 4098 782 4151 babuisse,
810 4102 912 4141 matram
929 4097 1064 4139 Mssatman
1082 4093 1148 4137 nori-

37 4181 85 4215 mus
98 4185 111 4215 e
123 4171 222 4215 Suida.”
239 4171 325 4215 Valek.
354 4170 409 4225 lpse
428 4182 454 4215 ss
472 4171 506 4215 ita
523 4170 626 4224 appellat
643 4165 802 4212 Callimachus
816 4165 888 4222 epig.
904 4160 946 4210 si.

82 4251 171 4305 Εσιοςιι
185 4250 243 4294 t’ou
258 4251 302 4292 tu
879 4242 899 4300 8
