2736 4748
579 329 633 396 32.

38 431 191 497 Lesbidis
212 430 441 498 Erinnaenon
465 454 581 517 magua
603 433 705 510 mole,
737 434 794 498 sed
817 430 945 499 omnis-
1016 492 1019 497 ⁴
1054 472 1057 481 ι
1089 477 1093 483 -

103 534 269 598 Pieridum
290 536 417 599 redolet
439 536 543 598 dulcia
564 536 657 599 mella
679 536 794 599 lauriss

39 639 137 700 Haud
157 637 231 718 plus
252 647 303 698 ter
324 648 449 700 centum
472 658 553 722 qrrae
574 636 724 700 versibus
746 646 862 720 aequat
882 636 1073 715 Homerum,

104 740 220 802 Annos
242 749 314 800 nata
336 740 444 801 decern
469 739 562 823 virgo
583 759 746 820 superque
767 757 906 812 novem3

40 841 113 905 Noc
134 850 237 902 tamen
261 838 380 917 interca
403 860 484 924 quae
506 850 644 922 poscunt
666 838 732 902 otia
753 839 870 903 Musae
1141 832 1162 903 5

107 941 175 1002 Aut
197 940 288 1003 colus
308 951 364 1002 aut
384 940 489 1015 telae,
513 952 613 1003 matre
634 952 816 1022 premente,
839 941 971 1004 dabant.

40 1039 77 1104 Si
98 1038 207 1121 carpis,
231 1040 382 1103 Erinnam
406 1041 541 1123 Sappho
563 1041 718 1105 testudine
742 1040 871 1118 vineat,

105 1142 191 1206 Dum
214 1153 319 1206 tamen
340 1140 481 1207 Erinnae
502 1145 594 1207 cedat
615 1142 647 1207 in
669 1140 877 1207 hexametris.

577 1280 635 1346 33.

39 1401 130 1467 Urbs
153 1399 302 1482 proavita
324 1398 399 1463 mihi
421 1402 557 1483 Sardes,
578 1400 605 1466 si
626 1411 735 1465 vester
757 1399 899 1464 alumnus

105 1501 318 1578 Mansissem,
341 1505 441 1585 spado
463 1525 564 1581 nrruc,
587 1505 627 1569 ad
648 1504 823 1584 cyathosve
845 1502 950 1567 locem

39 1606 203 1680 Armatus,
228 1602 373 1688 qrraticns
394 1626 473 1668 cava
495 1617 666 1688 tympanaa
691 1625 807 1669 nomen
828 1615 861 1667 at
883 1604 1022 1667 Alcman

104 1706 200 1769 Nrmc
222 1704 316 1782 mihi,
340 1726 451 1790 meque
473 1728 563 1770 suum
587 1708 702 1789 Sparta
725 1709 816 1770 beata
839 1717 954 1784 vocat,

38 1809 183 1888 Sumque
205 1806 449 1872 Heliconiadum
472 1810 558 1871 dono
580 1819 761 1890 praestante
783 1819 922 1888 tyranno
1139 1807 1161 1871 5

104 1907 238 1988 Maior,
262 1908 330 1974 sive
350 1908 403 1972 ille
425 1919 474 1972 cst
495 1909 634 1989 Dascyla
656 1907 725 1973 sive
748 1910 874 1993 Gyges.

575 2048 631 2113 33.

38 2167 93 2231 Ne
115 2185 195 2232 saxo
217 2165 329 2231 metire
350 2166 474 2244 virum3
498 2167 526 2233 si
546 2167 610 2234 vile
631 2168 835 2252 sepulchrum
886 2212 889 2217 -

104 2267 259 2351 Aspicis,
284 2278 317 2331 at
339 2269 446 2353 magni
467 2269 549 2333 vatis
570 2271 603 2334 id
624 2291 697 2335 ossa
719 2269 810 2355 tegit.

39 2369 177 2432 Alcman
200 2390 315 2434 nomen
336 2371 451 2446 habet,
474 2371 624 2434 citharam
647 2373 773 2453 pulsare
796 2372 995 2449 Lacaenam

104 2468 254 2552 Optimus
277 2482 309 2534 et
329 2471 437 2536 Musis
462 2473 585 2537 additus
607 2471 676 2554 ipse
698 2492 828 2536 novem.

38 2570 213 2636 Certamen
235 2572 330 2638 terris
352 2573 505 2658 geminis,
529 2594 568 2636 an
591 2572 720 2657 origine
740 2575 853 2654 Lydus

101 2672 159 2737 An
180 2675 291 2750 Laco;
313 2693 379 2739 non
400 2674 535 2758 simplex
556 2673 681 2739 vatibus
703 2683 753 2739 est
776 2674 895 2759 patria.

576 2812 632 2877 35.

37 2931 162 3011 lbynn,
186 2932 225 2992 ad
245 2929 396 2994 incultum
420 2952 502 3015 qaros
523 2934 658 2996 duxerat
680 2930 779 2996 insula
801 2928 906 3009 littus,

104 3033 288 3095 Praedones
311 3033 422 3095 mortis
445 3053 540 3096 causa
561 3033 651 3097 luere
672 3032 749 3112 tibi,

40 3133 210 3197 Clamares
232 3155 329 3215 quom
351 3154 445 3215 saepe
468 3155 564 3219 grues
585 3134 643 3196 tibi
665 3134 753 3197 sorte
778 3132 946 3210 volantes3
1019 3198 1021 3203 ,

106 3236 249 3316 Namque
273 3234 353 3298 alios
375 3245 472 3297 testes
497 3257 582 3297 mors
604 3246 656 3297 tua
678 3257 743 3298 uon
765 3235 889 3307 habuit.
922 3228 946 3309 s
1017 3275 1018 3280 κ

38 3338 112 3400 Nec
133 3346 187 3397 trra
213 3354 279 3398 vox
301 3335 412 3417 periilt
435 3335 588 3420 siquidem
611 3335 834 3420 elangentibus
855 3335 928 3405 illis
1142 3338 1164 3400 5

105 3437 180 3501 Ulta
202 3446 287 3499 tuam
309 3448 384 3518 post
406 3449 454 3500 est
477 3437 607 3501 horrida
630 3459 733 3519 poena
756 3458 892 3514 necem,
1119 3424 1124 3431 Ο

40 3538 191 3618 Sisyphia
215 3539 343 3601 tellure.
388 3539 469 3618 Quis
491 3560 512 3603 o
533 3538 629 3603 furor
650 3539 727 3615 iste,
758 3541 920 3614 latrones,

105 3643 295 3703 Sanctorum
318 3643 406 3724 quod
429 3662 489 3705 vos
511 3662 575 3704 nou
598 3653 707 3704 movet
727 3640 774 3704 ira
796 3640 914 3704 dcdmi
947 3652 950 3658 '
1038 3710 1041 3717 ,

40 3741 138 3804 Vatis
160 3751 191 3802 et
214 3740 389 3825 Aegisthus
411 3740 558 3804 foedatus
580 3742 733 3826 sanguine
756 3745 901 3805 dextram

104 3843 262 3926 Effugere
284 3841 496 3907 Eumenidum
518 3842 724 3913 luminanon
746 3843 867 3928 potuit.
909 3912 912 3917 ,
1126 3847 1165 3906 lo

578 3982 633 4046 36.

41 4097 191 4164 Sedecies
214 4119 314 4164 annos
335 4109 410 4182 post
432 4102 571 4184 quinque
593 4103 754 4169 Simonide
777 4114 910 4168 cunctos

102 4205 288 4286 Exsuperat
310 4203 443 4268 memori
465 4216 568 4268 mente
590 4206 828 4287 Leoprepides.
