2772 4750
36 352 80 415 Et
98 350 344 414 moriebantur:
370 336 441 412 cuin
464 346 576 430 primis
592 347 657 411 fida
677 368 788 411 canum
813 345 863 411 vis

37 454 145 515 Strata
173 452 234 515 viis
256 450 390 515 animam
414 452 556 531 ponebat
577 449 611 515 in
633 449 780 514 omnibus
799 446 914 534 aegre:

36 557 271 639 Extorquebat
293 552 376 617 enim
400 551 499 614 vitam
521 551 571 615 vis
597 552 746 616 morbida
769 550 931 616 membris.

100 655 297 720 Incomitata
314 653 385 736 rapi
408 652 575 717 certabant
592 655 706 718 funera
724 666 826 718 vasta.

37 759 109 820 Nec
131 756 219 821 ratio
238 756 358 821 remedi
379 757 556 820 communis
581 769 668 820 certa
692 760 846 821 dabatur:
1079 760 1159 823 1225

35 861 122 922 Nam
147 863 239 945 quod
259 859 301 921 ali
324 862 454 922 dederat
476 858 601 923 vitaleis
621 858 707 922 adria
730 881 823 922 auras

37 962 191 1026 Volvere
208 961 242 1023 in
264 983 321 1025 ore
344 960 441 1025 licere
460 972 492 1024 et
514 960 595 1025 caeli
615 961 734 1043 templa
756 962 857 1037 tueri,

37 1066 116 1128 Hoc
137 1062 209 1125 aliis
233 1075 301 1126 erat
324 1062 424 1127 exitio
447 1065 608 1149 letumque
631 1066 778 1145 parabat.

100 1166 191 1230 Illud
213 1165 245 1229 in
267 1164 317 1228 his
341 1169 438 1228 rebus
463 1166 673 1229 miserandum
694 1177 725 1228 et
747 1187 865 1250 magno
889 1186 989 1248 opere
1013 1188 1105 1229 riuum

37 1267 271 1331 Aerumuabile
294 1279 379 1343 erat,
402 1271 507 1353 quod,
529 1267 587 1330 ubi
608 1288 641 1330 se
663 1267 797 1353 quisque
818 1269 949 1331 videbat
1079 1269 1161 1332 1230

39 1369 238 1452 Implicitum
258 1373 393 1445 morbo,
418 1369 516 1433 morti
536 1373 698 1432 damnatus
721 1381 754 1432 nt
776 1381 875 1446 esset,

38 1470 207 1536 Deficiens
228 1470 354 1547 animo,
378 1484 498 1536 maesto
523 1494 601 1535 eum·
619 1475 718 1535 corde
741 1471 866 1537 iacebat

38 1576 170 1637 Funera
191 1585 393 1655 respectans,
416 1574 549 1636 animam
572 1585 604 1637 et
621 1573 766 1637 mittebat
787 1574 917 1638 ibidem.

102 1675 236 1758 Quippe
256 1675 370 1739 etenim
392 1676 479 1740 nullo
505 1679 669 1740 cessabant
691 1688 836 1759 tempure
858 1676 958 1760 apisci

40 1780 93 1841 Ex
114 1777 188 1841 aliis
211 1777 291 1842 alios
315 1777 402 1841 avidi
424 1777 576 1863 contagia
599 1778 722 1855 morbi,
1078 1781 1160 1844 1235

39 1880 223 1965 Lanigeras
241 1891 401 1965 tamquam
423 1884 562 1962 pecudes
582 1892 614 1944 et
634 1884 755 1945 bucera
776 1883 873 1945 secla.

41 1982 143 2067 quue
165 1982 218 2045 vel
239 1981 272 2044 in
292 1981 407 2064 primis
431 1983 611 2047 cumulabat
628 1983 741 2045 iuuere
760 1983 868 2047 sunus.

41 2086 124 2147 Nam
146 2082 385 2169 queiquomque
407 2106 483 2149 snos
503 2084 685 2167 fugitabant
708 2084 813 2149 visere
835 2090 875 2149 ad
897 2108 1032 2171 aegros,

41 2185 131 2248 Vitai
152 2185 285 2248 nimium
306 2186 441 2268 cupidos
464 2186 642 2271 mortisque
664 2186 823 2251 timenteis

40 2286 204 2351 Poenibat
223 2289 331 2370 paullo
354 2301 429 2371 post
449 2288 536 2370 turpi
558 2300 663 2353 morte
685 2290 829 2376 malaque
1026 2310 1029 2321 ·
1079 2292 1162 2354 1210

40 2389 216 2465 Desertus,
241 2389 314 2471 opis
335 2390 497 2472 expertein
519 2390 650 2454 Incuria
667 2404 821 2457 mactans.

42 2490 135 2571 Quei'
149 2492 278 2554 fueraut
300 2503 402 2555 autem
421 2504 570 2574 praesto,
595 2493 788 2578 contagibus
810 2494 899 2557 ibant

41 2594 151 2678 Atque
174 2594 306 2670 labore,
329 2597 436 2675 pudor
453 2616 547 2679 quem
564 2607 630 2657 tum
654 2599 793 2679 cogebat
815 2598 907 2660 obire

42 2695 231 2780 Blandaque
251 2696 410 2759 lassorum
432 2717 517 2772 vox,
541 2696 641 2760 mixta
663 2718 745 2761 voce
766 2698 928 2783 querelae.

43 2798 205 2880 Optumus
227 2800 293 2861 hoc
314 2797 370 2860 leti
392 2820 490 2882 genus
513 2820 595 2883 ergo
617 2797 752 2884 quisque
772 2802 911 2862 subibat.
1079 2803 1161 2866 1215

103 2901 210 2986 Inque
231 2897 302 2961 aliis
325 2899 419 2962 alium
441 2901 596 2984 populum
621 2901 757 2984 sepelire
779 2923 907 2965 suorum

42 3086 82 3128 W.
104 3103 134 3115 -
154 3083 218 3127 aliie
239 3082 268 3125 L.
289 3082 320 3126 H·
339 3084 421 3139 „quod
434 3083 550 3128 orationis
563 3085 710 3129 concinnitas
731 3085 799 3128 valde
819 3086 994 3127 commendat.”
1013 3084 1045 3139 (l)
1065 3086 1159 3130 Nobbe.

44 3151 118 3196 1228.
138 3151 261 3210 (peribat.
276 3152 318 3195 W.
333 3150 410 3208 euni.)
465 3150 541 3198 1229.
560 3159 584 3197 et
602 3155 734 3198 eliminavit
745 3155 787 3195 W.
802 3154 944 3197 auctoritate
964 3153 1039 3198 Codd.
1056 3153 1081 3202 2.
1098 3155 1160 3198 Edd.

42 3227 97 3267 velt.
138 3218 217 3265 1232.
236 3233 307 3280 quom
321 3222 436 3265 Wmoui.
480 3219 557 3268 1233.
576 3223 687 3266 animum
701 3228 723 3266 et
736 3220 848 3265 mittebat
859 3219 960 3279 ibidem]
976 3223 1015 3266 Sic
1026 3223 1070 3267 Cd⁴
1085 3224 1115 3267 Z.
1129 3225 1170 3267 A:

41 3293 70 3336 L.
83 3293 113 3335 Η.
125 3291 222 3337 Eiehst.
236 3291 311 3334 Furb.
331 3291 374 3342 „in
387 3292 575 3345 insomnium,
595 3292 633 3336 ubi
650 3305 703 3337 sese
719 3295 898 3347 prostraverat,
917 3292 989 3335 vitum
1007 3293 1116 3337 edebat.”
1128 3316 1162 3326 -

42 3361 154 3404 unimam
171 3360 283 3403 mittebat
301 3359 368 3403 idem
384 3361 443 3415 (uin.
458 3358 492 3417 et)
510 3361 554 3405 Cd.
566 3361 596 3405 Ε.
613 3362 640 3404 ln
653 3374 730 3419 marg.
749 3359 850 3403 ibidem.
872 3384 904 3393 -
923 3362 1034 3404 unimam
1050 3361 1162 3406 mittebat

42 3436 66 3474 et
81 3430 150 3475 idem
169 3431 254 3482 Brim,
275 3430 337 3487 quod
354 3429 479 3486 aliqnando
495 3431 553 3474 mibi
573 3433 703 3485 placuerat.
725 3454 757 3464 -
776 3430 887 3472 anianum
906 3430 1053 3475 immittebat
1071 3430 1162 3475 ibidem

42 3498 130 3545 ecte.
144 3500 220 3543 Wak.
240 3522 273 3532 —
291 3499 402 3542 unimam
418 3500 544 3543 emittebat
558 3499 650 3544 ibidem
669 3501 712 3543 Cd.
727 3499 774 3555 C.;
794 3502 855 3555 quod
877 3512 933 3543 sane
947 3505 1053 3553 praestat
1066 3501 1161 3544 lectioni

42 3571 114 3614 ll'alt.
138 3569 221 3626 Aegre
242 3573 321 3612 tamen
342 3568 427 3622 copula
445 3581 564 3613 caremus.
626 3566 701 3612 1236.
723 3570 802 3625 Quium
820 3582 861 3621 per
879 3572 956 3611 totum
972 3568 995 3611 h.
1014 3570 1031 3612 l.
1051 3582 1163 3613 versuum

43 3641 101 3682 ordo
116 3639 245 3682 admodum
264 3637 372 3682 turbatus
391 3638 459 3682 sitin
477 3640 552 3683 Codd.
571 3644 594 3683 et
611 3638 672 3683 Edd.
693 3643 767 3690 vett.,
788 3638 852 3680 nulla
867 3637 925 3680 mihi
941 3638 1028 3695 religio
1044 3638 1089 3683 luit
1101 3639 1160 3683 nav.

43 3714 66 3752 et
77 3708 174 3753 Eicbst.
188 3709 291 3752 desertis
303 3708 438 3751 Bentleium
450 3722 478 3751 ac
491 3710 564 3752 Wak.
579 3709 650 3751 duces
669 3708 736 3764 sequi
755 3711 911 3761 prouocantes
922 3707 951 3749 ad
964 3707 1071 3761 Thucyd,
1081 3706 1106 3762 2,
1119 3705 1160 3752 51.

42 3776 100 3826 Καὶ
119 3770 183 3829 ὅτι,
213 3770 314 3845 ἕτερος
331 3769 383 3835 ἀφ’
401 3772 504 3846 ἑτέρου
528 3773 688 3844 θεραπείας
705 3771 975 3839 ἀναπιμπλάμενοι,
1009 3769 1107 3844 ὥσπερ
1125 3770 1163 3824 τὰ

42 3843 182 3915 πρόβατα
199 3837 362 3908 ἔθνησκον,
390 3842 512 3895 καὶτὸν
531 3843 668 3895 πλεῖστον
686 3840 805 3915 φθόρον
823 3841 913 3894 τοῦτο
932 3841 1066 3894 ἐνεποίει.
1099 3846 1162 3889 Ean-

44 3916 233 3960 deaurationem
250 3915 507 3969 secutusestForb.,
529 3929 599 3973 quem
618 3917 726 3960 consule⁴
766 3911 841 3959 1239.
862 3914 1162 3958 {numennumen

43 3984 129 4042 cupidi
140 3985 171 4031 L.
186 3985 217 4027 ll.
257 3980 333 4028 1240.
352 3983 472 4030 Poenibat
483 3985 591 4030 Turneb.
605 3984 711 4029 eoni.L.
723 3984 754 4028 H.
767 3985 808 4029 W.
829 4007 861 4017 ·—
879 3983 1003 4028 Poeuibus
1018 3997 1039 4026 s.
1056 3981 1163 4026 Penibue

45 4059 69 4097 et
87 4055 240 4098 Codd.Ver.
256 4054 317 4100 Veu.
335 4073 370 4086 ·-
390 4052 498 4099 Venibne
514 4061 538 4098 ei
552 4056 621 4098 Brit.
678 4050 753 4101 1212.
774 4052 864 4107 „ibunt
879 4054 895 4099 i.
915 4066 936 4096 e.
951 4052 1064 4103 abibant,
1088 4052 1162 4093 inter·-

45 4123 134 4168 ibant.’'
151 4123 228 4166 Forb.
257 4123 296 4166 Sir
313 4124 447 4168 etiamnunc
464 4125 516 4168 ltuli
536 4128 651 4179 risurpnnt
668 4136 776 4166 suntme.
794 4121 897 4165 undare,
949 4117 1024 4162 1216.
1044 4119 1164 4162 Cunutrue

45 4205 97 4236 enm
113 4192 233 4237 Greeehio
251 4197 275 4236 et
292 4192 427 4247 Kuebelio:
459 4194 686 4248 ,‚ntiump0pu1u1n
704 4192 739 4247 (i.
753 4205 775 4235 e.
792 4185 981 4237 multitudinem)
998 4197 1096 4227 suorum
1111 4190 1165 4238 post

46 4263 117 4307 alium
134 4264 199 4307 inter
216 4263 278 4307 alios
296 4262 345 4306 iam
363 4262 472 4307 humatos
497 4263 600 4318 sepelire
624 4264 743 4306 certantes
762 4262 807 4301 ret.
842 4256 888 4299 nui
908 4254 1068 4308 distinguunt:
1088 4250 1164 4307 Inque
