2762 4760
249 911 278 955 ln
294 910 371 955 altera
388 907 432 952 bac
448 906 494 952 Ed.
515 906 622 951 consulut
641 906 819 952 exactissimum
836 904 999 964 apographum
1011 907 1134 952 uarietatis
1148 909 1326 965 antiquissimi

200 998 338 1058 Fragmenti
356 995 507 1051 Gottorpiani
525 995 608 1040 collati
626 1008 640 1037 a
656 994 735 1039 Gudio
753 994 782 1037 ad
800 992 847 1039 Ea.
865 993 1020 1053 Raphelengii
1039 991 1133 1051 t595.;
1153 998 1215 1052 quod
1234 998 1328 1043 dobeo
1367 990 1368 1025 i

200 1087 288 1145 Silligii
314 1086 346 1130 V.
363 1084 393 1128 C.
412 1083 568 1142 benignitati:
605 1081 721 1127 Codioem
743 1080 906 1126 Baaileenaem
934 1081 1083 1126 chartaceum
1112 1090 1329 1129 communicatum

200 1187 294 1220 ineunm
316 1188 331 1216 a
349 1169 477 1217 Gerlaobio
501 1178 573 1214 meo:
604 1170 766 1225 maximopere
789 1169 843 1214 ideo
868 1168 1064 1223 memorabilem,
1095 1170 1149 1226 quia
1167 1172 1328 1217 nitidissime
1367 1194 1368 1267 p

197 1266 267 1320 atque
285 1259 464 1306 accuratiaaime
482 1270 497 1300 a
514 1256 649 1312 Pomponio
666 1255 742 1300 Laeto
759 1257 784 1300 in
802 1268 899 1302 carcere
918 1258 1067 1311 conacriptua
1085 1262 1130 1301 eat.
1168 1257 1212 1302 lile
1231 1264 1329 1305 autem

196 1350 234 1394 vir
251 1360 351 1406 magona
369 1349 439 1404 atque
457 1343 542 1389 infelix
558 1348 657 1400 propter
674 1343 768 1388 inanem
786 1343 958 1388 coniurationia
976 1344 1136 1401 auspiciooem
1153 1358 1167 1387 a
1184 1344 1268 1390 Paulo
1286 1347 1327 1391 ll.

196 1433 315 1481 Pontifice
333 1434 401 1478 Max.
420 1433 444 1478 in
462 1433 555 1477 vincula
573 1432 694 1476 coniectua
705 1431 877 1489 tormentiaque
891 1433 1006 1476 laceratur
1019 1437 1056 1476 eat
1068 1445 1129 1476 anno
1141 1445 1328 1479 nrccccnxvnn.

200 1525 279 1580 Quum
301 1526 379 1566 tamen
403 1522 454 1566 eiua
477 1524 657 1577 ceterorumque
682 1518 803 1563 eoeiorum
820 1518 959 1565 Academiae
977 1519 1096 1564 Romanae
1116 1521 1258 1564 innocentia
1279 1524 1330 1567 de·

200 1614 333 1654 monstrata
354 1614 433 1663 eaaet,
465 1620 526 1652 anno
550 1608 597 1651 iam
623 1611 737 1664 aequente
757 1618 904 1651 nouorum.
924 1619 1008 1651 rureua
1032 1612 1088 1651 aunt
1114 1608 1218 1652 liberati.
1263 1609 1330 1664 lpse

200 1697 349 1752 Pomponius
366 1697 390 1741 in
408 1694 454 1740 fine
473 1696 528 1760 libri
538 1725 546 1750 ,
575 1699 686 1752 quantum
704 1695 728 1739 in
748 1694 796 1739 illia
813 1694 927 1739 adversae
944 1693 1053 1739 fortunae
1072 1696 1184 1750 procellis
1201 1695 1332 1741 debuerit

200 1784 330 1841 Lucretio,
349 1783 510 1841 pulcherrimo
528 1782 574 1826 boe
591 1782 763 1840 epigrammate
780 1786 881 1827 tentatus
899 1786 950 1826 eat:

372 1870 525 1926 Exacriptum
543 1869 589 1914 boo
607 1881 667 1924 opus
685 1874 722 1915 eat
738 1846 809 1924 falia,
828 1882 843 1913 o
861 1869 951 1923 lector,
970 1869 1074 1927 iniquia:

409 1958 529 2013 Tempora
547 1970 647 2015 namque
665 1958 708 2002 illo
725 1968 822 2001 caruere
839 1956 931 2001 rinctna
949 1968 1030 2001 eram:

372 2045 489 2090 Praebuit
505 2045 551 2089 ten
567 2046 639 2089 totiea
657 2045 763 2089 uolumen
780 2044 847 2088 dulce
865 2042 986 2098 tenebris,

411 2133 480 2178 Fecit
496 2137 520 2177 et
536 2132 656 2177 horrendo
674 2131 750 2177 libera
769 2132 842 2176 corda
858 2132 924 2191 iugo.

375 2220 413 2264 Tu
431 2219 499 2278 lege,
519 2219 560 2264 aad
578 2218 654 2274 liber,
674 2219 779 2274 librum,
799 2221 891 2276 captiva
907 2221 998 2265 notavit

411 2306 487 2365 Quem
504 2319 602 2362 manna,
623 2311 646 2353 et
664 2320 708 2363 pro
725 2320 763 2352 me
780 2308 810 2351 da
827 2307 867 2363 pia
884 2308 954 2352 thura
971 2306 1032 2352 lori.

274 2395 404 2441 Praeterea
428 2394 498 2439 habui
521 2395 661 2440 varietatem
678 2395 739 2442 Cod.
758 2394 911 2440 Ambroaiaui
928 2395 1027 2452 perboni
1045 2394 1076 2439 E.
1097 2392 1155 2441 125.
1176 2402 1241 2452 part.
1266 2413 1333 2457 nup.

204 2484 258 2528 Sec.
277 2481 354 2538 XV„
382 2484 423 2541 qui
448 2482 493 2527 luit
515 2479 574 2527 olim
597 2483 636 2526 Pii
654 2482 687 2530 ll.
705 2482 797 2527 Pontii.
816 2482 899 2538 Max„
926 2486 951 2528 et
968 2483 992 2528 io
1011 2495 1079 2527 naum
1102 2496 1181 2528 meum
1203 2494 1335 2533 accurate

204 2571 305 2614 collatur
323 2579 361 2615 eat
377 2570 406 2614 ad
424 2570 482 2615 edit.
495 2569 660 2614 Cominiauum
671 2567 747 2615 1751.
761 2568 791 2613 ab
809 2569 955 2624 ilieroopmo
972 2571 1108 2625 Memmio,
1127 2573 1159 2616 V.
1172 2571 1201 2616 C.
1215 2572 1337 2620 doctore

205 2656 380 2715 Ambrosiano;
408 2657 524 2729 offlam
532 2657 669 2716 instigent
687 2658 830 2713 editionem,
859 2656 972 2716 Pinzger-i
996 2671 1121 2703 cenaui-am
1139 2659 1228 2715 prioris
1249 2673 1337 2708 meae

206 2745 317 2790 editionis
344 2749 390 2789 cet.
420 2766 449 2779 -
478 2744 595 2790 Notarurn
622 2745 750 2802 explicatio
776 2744 834 2789 haee
863 2749 915 2790 eet:
957 2746 989 2791 G.
1023 2756 1055 2790 =
1084 2746 1198 2801 Gottorp.
1224 2747 1337 2808 fragm.

206 2832 236 2875 C.
258 2841 290 2875 =
310 2831 392 2877 Codex
404 2832 530 2890 Pomponii
548 2833 626 2878 Laeti.
662 2832 694 2877 E.
714 2842 746 2876 =
765 2832 947 2879 Ambroaianua.
974 2832 1036 2879 buu.
1054 2839 1112 2879 vett.
1133 2844 1164 2878 =
1185 2835 1337 2893 Brixiam,

204 2921 366 2975 Veronensis,
386 2921 486 2966 Veneta.
522 2919 567 2966 Ar.
589 2930 620 2965 =
641 2921 759 2965 Avanciua
776 2933 831 2965 eum
847 2921 940 2967 aaaeola
958 2920 1013 2966 Pio.
1034 2919 1088 2980 (P.)
1123 2923 1153 2967 Α.
1174 2932 1206 2967 =
1226 2923 1338 2973 Aldine

206 3009 317 3052 secunda.
353 3007 383 3053 Ι..
405 3017 437 3052 =
456 3008 595 3054 Lambinus.
639 3007 689 3054 uit.
711 3017 743 3052 =
763 3007 883 3053 Gitaniua.
925 3009 956 3054 ll.
977 3018 1009 3053 =
1028 2997 1185 3066 llarercamp'.
1227 3011 1259 3056 Β.
1294 3026 1336 3060 .·..

206 3095 338 3140 Bentleiue.
381 3095 423 3141 W.
445 3105 477 3141 ,τ
491 3092 639 3151 Weltelleld,
659 3096 725 3140 cuius
738 3096 902 3152 coniecturae,
922 3110 980 3155 quaa
991 3099 1098 3154 recipcre
1110 3101 1160 3154 ipse
1178 3111 1252 3144 ansus
1274 3116 1340 3149 non

207 3187 258 3236 est,
279 3181 312 3241 ()
331 3183 424 3230 inclusi.
461 3184 530 3235 Eicb,
552 3194 584 3229 =
603 3183 788 3231 Eiobataedtiua.
829 3183 858 3229 ἲ.
881 3193 912 3229 =
932 3184 1089 3245 For-bigorna.

629 3476 903 3491 m
