2762 4762
160 366 271 433 Cruda
294 368 382 433 velut
404 389 542 453 quernas
564 370 695 455 glandes
717 383 846 437 ructare
868 373 1004 440 colonos

55 458 58 465 ⁴
244 472 298 536 Ae
319 474 420 536 verba
442 481 562 537 tantum
584 471 739 537 stridula:
1155 478 1196 541 to

157 574 271 639 Verba
293 593 376 639 sono
398 574 497 639 duros
519 574 639 656 lapides
660 574 845 662 rigidasque
867 576 973 643 nivosi

246 676 396 757 Ruptura
418 687 542 740 crustas
563 674 713 741 fluminis.

156 778 204 843 Ut
225 789 384 859 nequeant
404 780 559 861 quaedam
582 778 697 845 Tacito
719 790 833 845 testata
855 781 969 865 negari

242 881 313 944 Nec
334 900 429 945 omne
450 901 505 943 rus
528 880 741 958 defenderim,

162 981 278 1047 Altera
300 1003 385 1044 nunc
407 981 479 1045 aevi
500 981 599 1045 lanies
623 1004 783 1067 versoque
805 985 933 1049 theatro
1156 989 1196 1053 15

247 1084 376 1147 Mutata
400 1104 513 1146 scaena
537 1083 676 1165 prodiit:

161 1186 245 1249 Nam
267 1184 396 1247 summis
419 1186 546 1248 exctrlta
569 1185 646 1249 viris
668 1186 856 1250 Alemannis
878 1187 993 1262 floret3

246 1287 395 1351 Summos
416 1288 504 1350 dabit
526 1288 677 1353 Polonia.

160 1392 213 1456 Ac
235 1389 295 1452 nisi
317 1389 454 1453 Gradivi
475 1391 570 1453 lumr
592 1392 777 1475 obstrepat,
802 1404 911 1455 extera
933 1413 1035 1478 regna

245 1491 491 1576 Saturniutnque
512 1504 708 1573 provocent.
1151 1497 1194 1560 ill)

159 1593 200 1657 ld
223 1595 364 1677 gaudens
387 1593 528 1670 miraris,
552 1595 648 1671 Ado,
672 1616 864 1681 causamque
884 1596 1043 1682 requiris3

242 1693 382 1760 Divino:
405 1695 515 1777 paneis
539 1695 663 1777 accipe.

161 1798 303 1880 Exque
326 1798 519 1862 Parnassum
542 1799 741 1863 vastantibus
764 1800 869 1864 omnia
894 1801 1011 1864 'sturnis

246 1897 416 1962 Destruxit
437 1898 523 1962 cusis
546 1900 725 1977 Thracius,

159 2001 326 2084 Expulsae
348 1999 450 2083 patria
474 2001 591 2064 Musae
613 2023 737 2066 cessere
759 2004 913 2087 Pelasga·
1154 2006 1194 2071 25

245 2102 387 2183 Quaevis
409 2124 468 2167 suo
492 2124 563 2165 cum
584 2104 726 2168 barbito.
945 2187 950 2196 ·
1271 2094 1274 2105 ⁸

161 2204 308 2270 Detinuit
328 2204 485 2287 profugas
506 2205 635 2268 Latium
657 2206 832 2269 clementer
853 2208 1010 2284 alumnas,

245 2309 431 2391 Aedemque
453 2318 485 2369 et
507 2328 577 2370 aras
601 2307 729 2371 obtulit.

143 2411 206 2476 ,Ut
228 2422 332 2473 tamen
353 2407 515 2493 ingenium
538 2408 609 2472 leve
631 2408 847 2493 cuiuscunque
868 2411 995 2494 puellae
1018 2424 1067 2476 cst

244 2511 393 2575 Viventis
416 2523 509 2573 extra
531 2510 686 2593 patriam3
1151 2515 1194 2577 30

161 2612 318 2694 Quamvis
340 2612 461 2675 eximiis
484 2614 668 2677 colerentur
690 2614 867 2679 honoribus
889 2614 973 2692 illic,

245 2718 358 2779 Sedena
382 2726 540 2798 negarunt
561 2716 674 2798 figere.

161 2818 276 2882 Haesit
298 2819 363 2879 dira
387 2818 485 2879 semel
507 2816 671 2900 dulcisque
693 2816 811 2898 cupido
835 2817 984 2901 vagandi.
1086 2890 1089 2897 ¹

212 2914 219 2923 ‘
248 2920 355 2983 Odere
379 2917 572 2982 Terminalia

162 3020 451 3103 Claustroromque
468 3041 586 3084 moras.
618 3020 824 3084 Muliebriter
840 3020 945 3084 omnia
958 3022 1115 3096 lustrant,
1154 3021 1194 3084 35

245 3123 369 3198 Vicus,
393 3123 535 3204 plateas,
559 3123 714 3205 compita.

160 3227 208 3290 At
230 3225 327 3289 solito
350 3225 454 3288 Divae
476 3245 516 3287 ne
538 3223 768 3309 dignoscantur
790 3223 925 3304 amictu,

244 3328 284 3390 ln
307 3338 397 3389 veste
419 3326 556 3411 migrant
578 3326 710 3393 comica.

160 3430 277 3511 Nuper
299 3432 382 3511 apud
405 3430 548 3492 Graffam
572 3428 713 3492 citharae
736 3449 833 3513 quom
855 3429 909 3492 fila
931 3425 1079 3504 fenicem,

244 3532 393 3613 Repente
415 3531 489 3596 Clio
512 3530 676 3606 substitit,
1155 3530 1199 3591 to

164 3635 212 3699 Os
233 3633 440 3717 habitumque
463 3653 579 3718 gerens
602 3630 771 3717 quatientis
793 3631 887 3695 sistra
909 3629 1036 3712 Canopi

206 3742 209 3746 ’
247 3736 473 3819 Aegyptiaeve
497 3735 671 3820 Cingarae.

160 3841 283 3902 Laetus
305 3848 339 3900 et
358 3837 533 3922 ignorans,
556 3835 729 3920 peregrina
751 3855 864 3898 numen
887 3832 1021 3898 amicum

244 3942 366 4002 Latere
389 3941 448 4001 sub
470 3937 655 4022 ferrugine,

162 4041 293 4127 Flagito
316 4038 541 4122 contemptim,
570 4038 646 4102 visis
669 4051 705 4104 ut
726 4041 808 4104 Fata
828 4039 973 4103 recludat
1160 4039 1201 4102 tt

245 4144 365 4207 Manus
387 4140 534 4204 sinistrae
557 4141 668 4206 lineis:

162 4243 369 4330 Porrexique
389 4263 536 4317 manum,
559 4243 669 4326 specie
690 4244 846 4322 ludentis,
871 4256 1014 4327 apertam

127 4349 217 4403 ttetogu
231 4347 289 4389 l’otn
303 4347 348 4388 Lu.
923 4346 964 4408 25
