2772 4750
227 137 286 198 126

224 301 268 343 tes
285 302 369 344 trans
393 290 573 360 Euphratem.
593 298 622 343 et
650 289 850 360 propemodum
868 295 1029 342 universam
1050 295 1152 345 Asiam
1174 324 1211 337 -
1230 295 1330 355 Sardes

223 400 317 458 nsque
334 392 364 436 et
382 381 550 454 Ephesum,
572 382 598 435 si
616 378 690 435 fides
707 379 838 436 Eusebio
857 381 984 436 haieano
1003 383 1086 438 Maii.
1100 384 1168 441 Lib.
1184 386 1209 441 l.
1230 404 1259 461 p.
1276 395 1330 449 186.

223 476 340 526 Duobus
361 474 479 541 proeliis
496 474 626 524 Seleucus
646 480 675 524 in
696 473 790 543 Lydia
809 478 961 523 victoriam
981 482 1082 524 nactus
1103 484 1169 541 est,
1184 483 1228 527 ita
1247 489 1331 534 tanim

223 575 255 617 ut
277 584 362 635 neque
384 565 490 616 Sardes
517 571 630 629 caperet
655 581 740 633 neque
767 562 921 633 Ephesum,
951 582 1039 632 quamv
1055 566 1150 619 urbem
1168 568 1333 624 Ptolemaeus

218 656 362 725 praesidio
381 655 531 707 insidebat.
565 683 603 695 -
629 653 806 730 Ptolemaeus
830 673 918 719 vero,
938 660 985 724 γαί
1008 667 1037 708 et
1061 657 1215 727 Tryphon,
1239 664 1333 734 Syriae

221 753 353 814 regiones
380 765 442 797 cum
469 746 613 797 Damasco
641 751 790 810 occupavit
820 745 1036 816 Orthosiamque
1068 749 1212 803 obsidione
1234 759 1333 820 cinxit,

220 856 290 905 quae
306 837 414 907 quidem
439 837 534 887 soluta
551 845 594 887 esi
613 840 674 893 134.
724 837 903 907 Olympiadis
921 855 996 888 auno
1014 845 1111 892 tert-io.
1131 842 1173 903 (i.
1187 861 1214 897 e.
1230 844 1296 902 241.
1309 865 1333 901 a.

222 928 308 993 Chr.)
361 927 442 998 Quin
470 937 499 981 et
530 926 719 982 Ptolemaeus
758 930 822 1000 ipse
852 928 1094 1003 magnificentius
1121 937 1212 989 etiam
1242 935 1278 991 de
1307 955 1334 991 se

219 1019 354 1093 loquitur
370 1020 402 1073 in
417 1016 655 1074 celebratissima
669 1018 720 1073 illo
734 1019 928 1075 Monumento
942 1022 1106 1079 Adulitano
1125 1045 1140 1079 a
1165 1026 1274 1082 Cosma
1286 1029 1333 1083 ln·

159 1112 172 1127 ⁸
220 1111 402 1183 dieopleuste
421 1119 552 1165 servato.
574 1127 603 1163 v.
619 1108 784 1164 Buttmann
798 1110 935 1166 Museum
947 1112 1000 1166 der
1011 1113 1142 1170 Alterth.
1158 1117 1256 1173 Wiss.
1270 1126 1331 1186 2,1.

218 1221 249 1275 p.
271 1206 337 1260 161.
366 1196 514 1263 Βασιλεὺς
538 1199 850 1278 μέγαςᾟτολεμαῖος
875 1199 942 1266 υἱὸς
965 1205 1116 1281 βασιλέως
1140 1202 1331 1286 Πτολεμαίου

218 1291 274 1351 καὶ
291 1292 474 1372 βασιλίσσης
489 1288 646 1366 Ἀρσινόης
657 1293 740 1350 θεῶν
753 1290 893 1368 ἀδελφῶν
906 1296 968 1352 τῶν
980 1296 1131 1372 βασιλέως
1142 1301 1333 1377 Πτολεμαίου

220 1381 276 1439 καὶ
293 1380 477 1460 βασιλίσσης
495 1379 657 1457 Βερενίκης
675 1383 758 1439 θεῶν
779 1389 925 1460 σωτήρων
946 1386 1114 1461 ἀπόγονος,
1136 1391 1178 1445 τὰ
1197 1392 1258 1465 μὲν
1278 1388 1334 1448 ἀπὸ

218 1470 337 1551 πατρὸς
346 1472 529 1549 Ἡρακλέους
541 1478 596 1529 τοῦ
608 1478 695 1540 Διός,
714 1469 754 1531 τὰ
769 1470 801 1532 δὲ
813 1472 876 1531 ἀπὸ
888 1472 1006 1553 μητρὸς
1019 1476 1170 1536 Διονύσου
1183 1483 1242 1538 τοῦ
1253 1486 1333 1548 Διός,

217 1560 409 1643 παραλαβών
429 1560 516 1641 παρά
532 1568 587 1620 τοῦ
602 1560 722 1641 πατρὸς
734 1567 790 1639 τήν
802 1566 963 1643 βασιλείαν
976 1567 1129 1643 Αἰγύπτου
1148 1568 1206 1628 καὶ
1218 1574 1332 1645 Λιβυης

217 1654 272 1714 καὶ
284 1656 398 1731 Συρίας
411 1652 465 1712 καὶ
481 1654 622 1726 Φοινίκης
642 1652 696 1711 καὶ
717 1654 843 1733 Κύπρου
859 1654 915 1714 καὶ
929 1658 1046 1721 Λυκίας
1064 1657 1118 1716 καὶ
1136 1663 1266 1736 Καρίας
1283 1660 1333 1720 καὶ

216 1750 278 1806 τῶν
291 1743 460 1804 Κυκλάδων
475 1746 577 1819 νήσων
590 1747 819 1824 ἐξεστράτευσεν
835 1753 877 1810 εἰς
891 1751 947 1821 τὴν
960 1746 1062 1806 Ἀσίαν
1079 1746 1160 1825 μετά
1174 1748 1334 1829 δυνάμεων

215 1840 343 1909 πεζικῶν
364 1834 419 1894 καὶ
442 1840 573 1895 ἱππικῶν
594 1833 650 1895 καὶ
671 1841 818 1895 ναυτικοῦ
845 1835 955 1895 στόλου
976 1836 1031 1896 καὶ
1049 1838 1227 1913 ἐλεφάντων
1252 1854 1333 1921 Τρω-

214 1926 399 2006 γλοδυτικῶν
417 1926 472 1986 καὶ
490 1932 696 1996 Αἰθιοπικῶν,
727 1926 781 1992 οὓς
807 1923 825 1985 ό
850 1948 882 1986 τε
907 1925 1011 2007 πατήρ
1040 1928 1138 1987 αὐτοῦ
1164 1932 1222 1990 καὶ
1241 1932 1334 1997 αὐτὸς

214 2024 334 2098 πρῶτος
359 2021 393 2078 ἐκ
418 2023 479 2079 τῶν
498 2023 612 2098 χωρῶν
638 2026 755 2079 τούτων
774 2019 949 2101 ε’θήρευσαν
963 2018 1021 2091 Ικαὶ
1040 2024 1276 2101 καταγαγόντες
1294 2031 1332 2089 εἰς

213 2114 366 2189 Αἴγυπτον
384 2111 616 2170 κατεσκεύασαν
635 2114 804 2190 πολεμικήν
830 2113 955 2190 χρείαν,
980 2114 1144 2191 κυριεύσας
1172 2114 1205 2173 δὲ
1224 2120 1282 2189 τῆς
1305 2135 1334 2172 τε

213 2201 298 2268 ε’ντὸς
315 2202 485 2279 Εὐφράτου
499 2203 608 2282 χώρας
619 2202 729 2274 ’πάσης
754 2200 809 2260 καὶ
835 2203 974 2267 Κιλικίας
993 2202 1047 2261 καὶ
1065 2204 1261 2283 Παμφυλίας
1278 2204 1331 2263 καὶ

160 2322 165 2327 ·
209 2289 326 2356 ’[ωνίας
343 2292 399 2351 καὶ
418 2297 474 2351 τοῦ
483 2293 705 2365 Ἑλλησπόντου
724 2290 778 2351 καὶ
794 2301 917 2371 Θράκης
935 2294 990 2353 καὶ
1008 2298 1069 2352 τῶν
1088 2294 1255 2373 δυνάμεων
1275 2299 1334 2353 τῶν

212 2385 245 2442 ε’ν
263 2383 331 2447 ταῖς
345 2382 465 2462 χῶραις
483 2384 611 2448 ταύταις
629 2388 737 2441 πασῶν
756 2381 811 2439 καὶ
830 2384 1006 2456 ἐλεφάντων
1022 2383 1169 2453 Ἰνδικῶν,
1189 2383 1332 2450 καὶτοὺς

211 2473 391 2552 μονάρχους
416 2471 489 2537 τοὺς
519 2473 552 2531 ἐν
580 2473 644 2537 τοῖς
668 2474 772 2538 τόποις
797 2472 917 2538 πάντας
946 2473 1098 2545 ὑπηκόους
1125 2478 1335 2548 καταστήσας

211 2564 296 2643 διέβη
315 2561 369 2620 τόν
388 2561 559 2641 Εἰφράτην
578 2570 735 2636 ποταμόν,
755 2563 811 2622 καὶ
827 2561 884 2638 τὴν
898 2564 1142 2642 Μεσοποταμίαν
1155 2564 1212 2622 καὶ
1223 2569 1335 2643 Βαβυ-

211 2655 325 2714 λωνίαν
345 2653 401 2714 καὶ
420 2654 593 2730 Σουσιανὴν
611 2653 667 2713 καὶ
685 2654 819 2733 Περσίδα
837 2653 892 2713 καὶ
911 2653 1035 2727 Μηδίαν
1059 2654 1116 2713 καὶ
1139 2654 1196 2730 τὴν
1216 2653 1332 2731 λοιπὴν

204 2751 317 2807 πᾶσαν
344 2744 401 2813 ἕως
414 2750 612 2826 Βακτριανῆς
629 2747 679 2805 ὑπ’
700 2744 795 2805 αὐτόν
814 2746 1023 2823 ποιησάμενος
1049 2754 1104 2804 καὶ
1129 2745 1336 2821 ἀναζητήσας

210 2837 271 2899 ὅσα
290 2837 349 2898 ὑπὸ
368 2842 429 2897 τῶν
450 2844 572 2916 Περσῶν
591 2837 660 2917 ἱερά
680 2840 711 2909 ε”ξ
728 2837 880 2915 Αἰγύπτου
906 2839 1023 2915 ἐξήφθη
1048 2835 1103 2897 καὶ
1128 2837 1336 2916 ἀνακομίσας

207 2929 289 3010 μετὰ
307 2934 361 3006 τῆς
380 2932 473 3003 ἄλλης
492 2930 586 3008 γάζης
605 2933 660 3001 τῆς
678 2928 740 2987 ἀπὸ
758 2933 819 2987 τῶν
845 2928 946 2987 τόπων
971 2936 1013 2993 εἰς
1031 2931 1204 3006 Αἴγυπτον,
1238 2927 1336 2987 δυνά·

206 3045 273 3104 μεις
294 3023 446 3084 ἀπέστειλε
465 3020 516 3080 διὰ
534 3026 595 3080 τῶν
613 3019 811 3099 ὀρυχθέντων
829 3025 986 3096 ποταμῶν.
1009 3050 1045 3065 -
1057 3050 1093 3064 -
1107 3020 1237 3097 Reliqua
1260 3022 1333 3088 iam,

208 3119 390 3193 quaemira
419 3114 586 3171 eoinmenta
616 3114 652 3168 de
679 3113 841 3168 Ptolemaei
870 3114 901 3166 in
919 3113 1111 3185 Aethiopiam
1134 3112 1334 3184 expeditione

212 3219 415 3283 pepererunt,
439 3218 553 3262 certum
566 3223 646 3260 nunc
662 3200 707 3259 est
717 3207 868 3278 pertinere
882 3205 928 3278 ad<
937 3223 1040 3276 regem
1056 3205 1186 3278 aliquem
1199 3204 1335 3258 Aethio-

209 3302 287 3374 piae.
301 3318 329 3353 v.
339 3299 500 3354 Buttmann
512 3308 541 3351 et
550 3295 686 3351 Niebuhr
698 3295 775 3352 Mus.
787 3297 816 3350 d.
830 3296 912 3353 Alth.
929 3295 1024 3351 Wiss.
1038 3303 1072 3362 2,
1091 3302 1119 3354 5.
1132 3314 1163 3367 p.
1175 3300 1251 3365 Δ575.
1261 3313 1332 3369 sqq.

193 3401 237 3447 ”et
256 3390 359 3446 Valck.
379 3391 415 3445 ad
436 3408 464 3447 v.
486 3396 530 3445 11.
549 3408 579 3461 p.
596 3391 643 3445 90.
666 3388 1007 3462 champollion-Figeac.
1030 3388 1067 3442 T.
1082 3392 1110 3440 2.
1127 3404 1158 3459 p.
1179 3385 1230 3444 ts.
1276 3385 1335 3440 Illa

206 3495 303 3540 autem
320 3485 377 3539 hoo
396 3484 464 3538 loco
485 3481 551 3540 ideo
575 3498 692 3555 quoque
711 3482 844 3546 inserui,
865 3489 899 3534 ut
916 3464 1062 3534 habereut
1079 3470 1237 3533 auditores
1260 3495 1336 3550 spe·

205 3580 304 3632 cimeu
326 3575 475 3630 sermonis
496 3572 693 3629 Alexandrini
715 3589 740 3625 s.
764 3569 952 3626 Hellenistiei
974 3580 1058 3625 extra
1078 3567 1174 3623 libros
1197 3585 1333 3634 sacros,

205 3670 290 3724 cuius
312 3669 431 3740 generis
457 3666 637 3738 paucissima
665 3673 845 3735 supersunt,
880 3661 972 3715 ueluti
997 3660 1089 3732 Lapis
1119 3659 1332 3724 Rosettanns,

156 3746 158 3750 ¹
203 3760 361 3817 Hannonis
381 3755 518 3829 Periplus
534 3756 579 3811 ed.
596 3755 673 3829 Hug.
689 3772 719 3826 p.
735 3758 782 3811 31.
809 3753 987 3824 Fragmenta
1007 3749 1176 3805 Ezechielis
1194 3747 1334 3820 Tragici

203 3864 233 3909 et
251 3853 360 3907 similia
380 3868 409 3905 v.
428 3848 560 3905 Boeckh.
581 3847 636 3916 Gr.
653 3847 745 3920 Trag.
761 3846 864 3908 Princ.
882 3844 915 3903 C·
933 3849 978 3898 12.

260 3943 343 4010 (Cir.
359 3961 439 3998 nuno
453 3941 489 3995 de
501 3951 567 4010 toto
580 3941 636 3994 hoc
649 3937 823 3993 difficillimo
837 3943 1013 4010 argumento
1027 3928 1232 3988 Niebuhrium
1243 3930 1284 3986 V.
1295 3928 1333 3985 C.

204 4036 302 4086 Kleine
314 4034 380 4095 hist„
394 4053 422 4086 u.
435 4031 505 4103 plu'l.
518 4030 664 4098 Schriften
678 4038 704 4084 1.
717 4046 747 4099 p.
763 4031 828 4085 229.
843 4031 940 4102 seqq.)

633 4172 908 4189 m
977 4181 981 4188 ι
