2762 4762
49 389 156 452 Exeiti
180 392 358 476 voltusque
380 391 410 455 in
435 388 593 457 marmore
615 396 705 456 sudat
726 392 861 457 Elissae.
887 392 892 445 ἶ

5 528 8 551 .
50 490 210 552 Hannibal
232 492 310 554 haec
332 491 438 574 patrio
460 493 548 556 iussu
570 488 611 556 ad
634 492 808 574 penetralia
831 492 953 568 sertam,

49 591 253 674 Ingressique
275 593 403 655 habitus
424 604 521 677 atque
545 615 601 681 ora
624 594 773 676 explorat
795 593 972 656 Hamilcar.
996 612 999 617 ·
1107 593 1168 655 100

49 691 117 752 Non
144 691 199 753 ille
220 691 341 755 euantis
364 694 527 773 Massylae
550 695 662 776 palluit
684 692 767 768 iras,

49 791 121 853 Non
147 791 235 854 diros
256 793 366 875 templi
387 793 472 858 ritus
496 815 690 879 aspersaque
713 778 808 856 tabo⁵

5 910 7 959 t
50 892 173 954 Limina
198 905 229 956 et
252 894 358 963 audito
381 905 549 978 surgentes
571 895 709 958 carmine
731 894 882 977 deruanus.

51 992 112 1055 Olli
138 995 339 1074 permulcens
362 996 490 1079 genitor
513 992 612 1078 caput
630 994 740 1059 oscrrla
762 996 840 1057 libat
944 1062 947 1075 ‚
1101 1063 1116 1083 ,Ι

5 1124 8 1151 ι
48 1093 242 1178 Attollitque
265 1096 384 1158 animos
406 1096 566 1159 hortando
590 1109 621 1159 et
643 1096 759 1159 talibus
782 1095 910 1177 implet:
975 1098 988 1108 ”
1082 1085 1166 1175 '105

5 1222 6 1245 1
49 1196 157 1264 ..Gens
182 1196 321 1259 recidiva
343 1198 510 1280 Phrygum
535 1196 693 1260 Cadmeae
716 1195 825 1277 stirpis
848 1196 991 1259 alumnos

50 1294 250 1359 Foederihus
272 1317 336 1363 nou
360 1287 459 1380 aequa
483 1297 617 1380 premit:
643 1297 670 1360 si
691 1297 757 1359 fata
779 1295 926 1381 negarint

49 1396 195 1459 Dedecus
218 1397 250 1459 id
271 1397 393 1480 patriae
414 1406 526 1461 nostra
549 1398 708 1480 depellere
730 1399 862 1472 dextra,

48 1496 136 1559 Haec
158 1508 210 1560 tua
234 1498 383 1574 sitlans,
408 1511 495 1576 nate,
521 1499 618 1561 velis!
652 1500 746 1581 Age,
770 1499 904 1581 concipe
925 1498 1011 1561 bella

48 1598 167 1660 Latura
192 1598 322 1662 exitium
345 1598 582 1663 Laurentibus:
606 1601 739 1663 horreat
760 1608 851 1662 ortus
1057 1668 1061 1673 ,
1104 1599 1167 1675 110

5 1736 6 1751 2
48 1695 114 1760 Iam
136 1701 239 1779 pubes
263 1702 430 1780 Tyrrhena
452 1712 525 1765 tuos
547 1712 720 1783 partusque
743 1709 890 1762 recusent
1045 1710 1048 1713 '

50 1799 96 1861 Te
118 1812 288 1883 surgente,
312 1823 411 1883 puer,
437 1802 552 1865 Latiae
573 1804 754 1885 producere
777 1803 930 1864 matres.”

85 1899 148 1962 His
172 1901 255 1963 acuit
278 1902 410 1965 stimulis
432 1903 611 1986 subicitque
632 1903 717 1964 haud
738 1902 844 1964 mollia
867 1901 975 1966 dictu:

48 1999 238 2070 „Romanos
261 2014 345 2066 terra
369 2014 462 2086 atquc
480 2003 595 2078 undis,
620 2002 675 2065 ubi
701 2010 861 2083 competet
882 2013 988 2079 aetas,

48 2098 151 2162 Ferro
174 2102 304 2185 ignique
326 2125 444 2188 sequar
465 2106 676 2188 Rhoeteaque
697 2104 763 2165 lata
784 2102 965 2165 revolvam.
1099 2104 1161 2168 115

48 2201 122 2263 Non
144 2203 256 2283 superi
279 2203 373 2280 mihi,
398 2227 461 2269 non
485 2206 624 2268 Martem
648 2203 828 2267 cohibentia
851 2196 961 2284 pacta,

5 2338 6 2351 .
48 2302 121 2364 Non
145 2305 249 2366 celsae
272 2305 456 2370 obstiterint
477 2306 578 2388 Alpes
601 2304 803 2388 Tarpeiaque
825 2323 915 2366 saxa.

47 2403 140 2464 Hanc
163 2415 297 2468 mentem
319 2405 394 2471 iuro
417 2409 519 2470 nostri
541 2428 599 2488 per
621 2405 747 2468 numina
770 2404 903 2480 Martis,

46 2495 110 2565 Pc'r
135 2525 261 2581 manes,
285 2506 417 2591 regina,
443 2507 551 2572 tuos.'’
596 2511 689 2571 Tunc
711 2505 803 2589 nigra
826 2502 964 2569 triformi

46 2603 163 2668 Hostia
186 2617 343 2670 mactatur
365 2607 470 2672 Divae
492 2608 672 2692 raptimque
694 2607 830 2671 recludit
1104 2609 1165 2697 120

46 2704 211 2786 Spirantes
232 2719 320 2771 artus
342 2730 479 2791 poscens
501 2730 657 2791 responsa
676 2711 826 2772 sacerdos

45 2807 95 2867 Ac
116 2807 294 2890 fugientem
317 2808 449 2872 ahimam
472 2809 654 2893 properatis
678 2810 813 2872 consulit
834 2808 929 2872 extis.
953 2798 956 2801 i

87 2908 151 2970 Ast
171 2909 226 2971 ubi
250 2911 407 2992 quaesitas
431 2912 506 2974 artis
529 2915 678 2974 demere
701 2919 828 2972 vetusto

45 3007 183 3071 Intravit
207 3022 326 3073 mentes
350 3016 519 3093 superum,
544 3013 589 3075 sic
610 3010 721 3075 deinde
742 3011 910 3092 prolatura
1020 3030 1025 3035 ·

44 3111 208 3181 „Aetolos
231 3112 293 3173 late
316 3114 478 3176 consterni
501 3113 597 3176 milite
620 3134 749 3195 campos
866 3124 868 3129 '

45 3210 209 3294 ldaeoque
232 3212 319 3274 lacus
340 3212 514 3295 flagrantes
537 3216 689 3298 sauguine
711 3233 823 3276 cerno.

46 3311 174 3388 Quanta
198 3314 313 3393 procul
336 3315 436 3378 moles
458 3315 598 3399 scopulis
620 3315 661 3377 ad
682 3313 784 3401 sidera
808 3306 917 3393 tendit,

46 3409 147 3475 Cuius
169 3412 201 3474 in
225 3412 317 3477 a'e'rio
339 3418 476 3495 pendent
498 3416 694 3481 tua‘vertice
717 3418 838 3479 castra!

46 3511 180 3599 Iamque
203 3513 285 3597 iugis
308 3536 420 3599 agmen
442 3519 582 3600 rapitur,
607 3516 795 3598 trepidantia
818 3516 940 3578 sumant

44 3612 179 3676 Moenia
200 3625 234 3675 et
256 3616 417 3701 Hesperio
439 3620 531 3683 tellus
552 3629 702 3702 porrecta
724 3619 793 3679 sub*
806 3637 866 3678 axe

45 3712 187 3777 Sidoniis
211 3715 297 3777 lucet
318 3717 468 3793 flammis:
504 3712 575 3783 fluit
596 3741 670 3784 ecce
693 3730 842 3786 cruentus

44 3813 227 3888 Eridanus,
250 3814 331 3878 iacet
355 3838 413 3880 ore
435 3820 519 3883 truci
537 3842 639 3903 super
661 3841 746 3882 arma
769 3817 938 3900 virosque,

45 3915 156 3978 Tertia
180 3908 235 3996 qui
257 3916 366 3981 tulerit
387 3920 528 3997 sublimis
552 3923 656 4004 opima
679 3920 832 3983 Tonanti.

44 4016 136 4078 Heu!
161 4036 316 4099 quaenam
339 4018 453 4083 subitis
475 4023 633 4086 horrescit
654 4022 778 4101 turbida
803 4020 914 4084 nimbis

46 4117 239 4197 Tempestas
260 4130 421 4202 ruptoque
443 4123 522 4203 polo
544 4124 639 4186 micat
660 4118 771 4207 igneus
794 4123 930 4189 aether?

46 4219 171 4301 Magna
194 4231 309 4300 parant
332 4222 459 4304 superi:
482 4234 572 4291 tonat
594 4225 649 4288 alti
670 4225 758 4309 regia
780 4223 876 4301 caeli,
918 4267 921 4273 -

85 4321 177 4375 Eetagae
192 4319 248 4362 l’ns't.
263 4323 307 4364 tat.
913 4324 953 4387 23
