2772 4750
412 330 873 432 excursus*

265 485 321 544 AD
343 476 520 543 CATULLI
540 485 685 543 COMAM
704 486 934 545 BERENICES.

104 707 205 778 Quum
227 716 346 778 praeter
367 705 545 772 Foscolum,
580 707 631 780 qui
652 717 754 762 tamen
779 718 948 781 temporum
977 710 1162 764 notationem

44 817 176 873 prorsus
193 797 340 873 neglexit,
361 817 450 853 nemo
470 798 566 853 adhuc
587 798 784 871 pulcherrimi
801 801 887 855 istius
909 802 1050 856 carminis
1070 818 1162 874 argu-

44 902 178 947 mentum
204 910 241 946 ex
263 891 500 946 Ptolemaeorum
520 892 645 946 historia
666 880 738 948 satis
760 892 983 960 dilucidaverit,
1011 892 1089 947 haud
1108 891 1162 948 abs

45 1001 81 1038 re
101 987 198 1039 visum
219 994 280 1048 est,
315 1000 509 1057 quaecunque
533 981 570 1036 ad
598 1001 664 1038 rem
690 986 818 1041 maxime
848 986 979 1051 faciunt,
1015 984 1161 1040 hocloco

43 1094 136 1149 quarn
157 1074 334 1130 brevissime
355 1086 479 1147 potero,
501 1093 663 1147 exponere.

101 1166 291 1223 Ptolemaeus
317 1168 409 1241 igitur
428 1167 521 1241 Lagi,
557 1168 620 1221 sive
646 1166 736 1222 Soter
761 1168 948 1234 (524-28'1.
970 1186 998 1223 a.
1020 1167 1105 1236 Chr.)
1125 1186 1163 1223 ex
1238 1217 1241 1224 .

42 1256 194 1312 Berenice
209 1259 232 1311 Ι.
248 1257 395 1330 Philippi,
418 1258 546 1313 hominis
561 1258 734 1313 Macedonis
753 1261 834 1314 tenui
849 1259 916 1313 loco
933 1261 993 1315 orti
1013 1261 1160 1326 (Pausan.

42 1349 139 1405 Attio.
157 1353 198 1416 7.)
218 1348 306 1403 vidud
328 1351 460 1420 suscepit
480 1349 638 1407 Arsinoen
647 1350 671 1403 I.
694 1359 722 1404 et
735 1350 935 1405 Ptolemaeum
949 1351 988 1406 11.
1013 1351 1163 1407 Philadel-

42 1442 154 1513 phum,
170 1442 217 1496 cui
227 1439 391 1505 Berenice,
414 1438 450 1494 ah
465 1457 500 1494 eo
516 1442 594 1495 inter
609 1440 694 1495 divos
708 1441 820 1507 relata,
841 1459 966 1516 regnum
981 1453 1093 1515 epatre
1107 1442 1162 1499 oh·

42 1534 146 1587 tinuit.
180 1533 210 1586 Is
230 1550 303 1586 vero
324 1550 361 1585 ex
379 1532 510 1586 Arsinoe
523 1532 563 1587 ΙΙ.
584 1532 757 1603 Lysimachi
776 1531 836 1589 lilia
858 1534 1162 1607 (982)genu1tPtole-

41 1642 163 1679 meeum
179 1624 233 1679 111.
255 1623 440 1697 Euergeten,
468 1623 696 1694 Lysimachum,
721 1635 749 1679 et
769 1624 936 1680 Berenicen
957 1626 1015 1692 ΙΙ.,
1038 1625 1161 1681 sedilia

42 1715 202 1788 repudiata
216 1715 295 1786 (277)
309 1733 433 1769 uxorem
447 1715 531 1770 duxit
544 1734 681 1773 sororem
692 1718 844 1772 Arsinoen
855 1719 880 1772 Ι.
903 1717 1031 1773 Veneris
1040 1716 1162 1791 Zephy-

42 1807 145 1863 ritidis
160 1809 281 1862 nomine
295 1817 396 1879 postea
413 1806 540 1874 cultam,
563 1810 611 1863 cui
624 1818 698 1863 teste
717 1808 818 1864 Schol.
832 1808 869 1863 ad
882 1810 1036 1866 Theocrit.
1050 1817 1096 1876 17,
1112 1817 1159 1871 50.

43 1897 258 1970 εἰσεποιήσατο
277 1894 349 1960 τούς
369 1897 403 1954 ἐκ
416 1900 469 1971 ’τῆς
481 1897 633 1976 προτέρας
642 1896 799 1975 Ἀρσινόης
811 1905 1019 1976 γεννηθέντας
1031 1900 1160 1967 παῖδας,

42 1993 64 2062 ἡ
89 1993 151 2066 γὰρ
179 1986 294 2063 ἀδελφὴ
320 1985 374 2044 καὶ
399 1987 475 2064 γυνὴ
501 1987 598 2046 αὑτοῦ
627 1986 753 2053 ἄτεκνος
776 1989 941 2048 ἀπέθανεν.
980 1993 1021 2046 At
1040 1991 1160 2065 Magas,

42 2081 209 2137 Berenices
222 2082 246 2135 Ι.
269 2091 298 2135 et
311 2080 444 2153 Philippi
463 2079 564 2134 militis
582 2081 660 2135 illius
672 2080 951 2148 Macedonislilius,
972 2083 1161 2157 Philadelphi

42 2173 141 2227 frater
161 2174 313 2237 uterinus,
343 2173 425 2227 circa
447 2189 559 2226 annum
579 2176 652 2237 298,
685 2182 717 2226 ut
738 2190 793 2247 ego
811 2173 938 2244 opinor,
966 2180 1033 2237 (507
1051 2187 1161 2225 secun-

43 2265 115 2319 dum
143 2263 487 2336 Champollion-Figeac
518 2263 651 2318 Annales
690 2263 742 2318 des
775 2263 903 2337 Lagides
934 2264 969 2317 T.
997 2271 1023 2318 2.
1047 2279 1077 2333 p.
1099 2266 1160 2329 26.)

41 2357 151 2410 matris
183 2364 246 2409 arte
289 2365 376 2429 atque
419 2353 526 2426 opibus
559 2354 744 2426 Cyrenarum
776 2355 996 2428 praefecturam
1026 2354 1158 2426 accepit,

43 2464 135 2520 quam
156 2457 189 2500 ut
208 2447 377 2501 Athenaeus
401 2446 495 2500 refert
510 2452 581 2512 (12,
604 2453 647 2508 12.
670 2465 701 2518 [ν.
719 2451 783 2505 550.
806 2444 991 2520 Schweigh.)
1012 2436 1170 2520 quinquass

42 2539 127 2612 ginta
145 2555 199 2609 per
214 2555 307 2591 annos
324 2537 463 2592 obtinuit.
494 2538 523 2591 Is
541 2548 638 2592 autem
651 2556 741 2612 quum
755 2556 770 2591 a
783 2536 976 2610 Philadelpho
990 2537 1158 2604 defecisset,

41 2646 80 2683 eo
97 2629 217 2682 tandem
237 2628 376 2684 redactus
394 2638 455 2693 est,
477 2639 509 2682 ut
523 2628 560 2683 ad
573 2626 704 2683 finienda
722 2630 894 2684 cumfratre
912 2631 1076 2683 certamina
1091 2630 1161 2683 uni-

40 2738 109 2775 cam
127 2718 217 2774 liliam
232 2719 400 2774 Berenicen
414 2719 467 2773 111.
491 2719 671 2792 Euergetae,
693 2720 855 2776 Ptolemaei
873 2720 1058 2792 Philadelphi
1076 2717 1157 2786 lilio,

41 2811 256 2883 desponderet.
292 2812 397 2878 (Paos.
416 2812 479 2865 Au,
497 2818 523 2868 7.
544 2813 650 2867 lustin.
666 2816 719 2878 26,
740 2816 779 2880 3.)
819 2812 942 2866 Mortuo
960 2823 1057 2866 autem
1071 2812 1159 2884 Maga

40 2907 133 2979 (258,
151 2913 184 2956 ut
201 2902 319 2967 volunt,
345 2902 415 2968 sed,
443 2914 477 2956 ut
491 2904 563 2956 mihi
580 2903 698 2958 videtur
714 2905 792 2971 ete.)
813 2904 876 2958 eius
897 2905 1007 2958 coniux
1026 2903 1156 2972 Apame,

37 2994 187 3048 Antiochi
200 2994 224 3048 Ι.
244 2992 360 3049 Soteris
377 2992 437 3049 filia
455 2995 564 3063 (Paus.
580 2993 600 3048 l.
617 2993 638 3047 l,
655 2995 764 3049 lustin.
780 2994 800 3048 l.
821 2993 841 3048 l.
861 2995 912 3066 qui
932 2993 1053 3047 eandem
1070 2992 1159 3045 Arsi-

38 3103 123 3140 noen
145 3085 297 3158 appellat.)
318 3095 351 3139 ut
376 3087 436 3140 iam
460 3086 608 3140 lustinum
634 3086 807 3151 audiamus,
838 3086 951 3153 „inrita
977 3102 1009 3138 se
1036 3093 1160 3138 coutra-

38 3187 124 3232 ctum
161 3178 384 3231 matrimonium
417 3177 550 3231 solutura
588 3179 689 3244 misit,
724 3178 775 3250 qni
810 3175 847 3231 ad
879 3176 999 3247 nuptias
1032 3175 1158 3247 virginis

39 3286 227 3341 regnumque
256 3268 446 3337 Cyrenarum
484 3268 673 3334 Demetrium
697 3269 823 3323 fratrem
857 3271 938 3340 regis
967 3268 1112 3342 Antigoni
1142 3286 1159 3321 a

37 3358 221 3415 Macedonia
240 3370 445 3426 arcesserent3
468 3360 519 3434 qui
540 3370 569 3414 et
588 3363 652 3432 ipse
671 3378 709 3414 ex
723 3358 783 3416 filia
801 3359 962 3415 Ptolemaei
983 3369 1158 3432 procreatus

37 3460 116 3504 erat·
159 3449 220 3505 Sed
239 3469 295 3505 nec
317 3451 486 3506 Demetrius
507 3469 622 3505 moram
642 3452 722 3506 feeit.
762 3452 866 3526 Itaque
894 3469 1045 3526 quum--
1063 3449 1159 3522 Cyre-

38 3559 98 3595 nas
119 3541 305 3606 advolasset,
327 3539 434 3597 fiducia
457 3542 707 3615 pulchritudinis,
730 3561 786 3617 qua
809 3545 898 3597 nimis
920 3542 1037 3614 plaeere
1058 3543 1160 3596 socrui

36 3642 201 3706 coeperat,
224 3636 324 3688 statim
343 3653 359 3687 a
376 3635 525 3706 principio
546 3632 712 3707 superbus,
736 3635 835 3707 regiae
852 3634 980 3689 familiae
1000 3632 1160 3688 militibus-

36 3742 97 3798 que
129 3724 278 3796 impotens
308 3736 390 3792 erat,
421 3726 609 3799 studiumque
639 3724 779 3797 placendi
800 3743 817 3778 a
841 3726 959 3796 virgine
982 3725 1013 3780 in
1033 3736 1160 3780 matrem

36 3816 233 3875 contulerat„
264 3815 347 3885 Quae
364 3835 414 3872 res
428 3826 566 3890 suspecta
585 3818 713 3888 primum
730 3817 857 3889 uirgini,
880 3817 949 3870 dein
963 3815 1159 3890 popularibus

33 3905 244 3982 militibusque
265 3910 362 3963 invisa
382 3910 454 3964 luit:
489 3910 589 3982 itaque
610 3909 707 3962 versis
727 3908 860 3962 omnium
877 3908 985 3963 animis
1005 3909 1037 3963 in
1055 3902 1172 3963 Ptole-'

35 4001 117 4054 maei
135 3999 348 4076 (Philadelphi)
366 3998 462 4061 filium
476 4000 686 4073 (Euergeten),
717 3998 844 4055 insidiae
862 3999 1017 4055 Demetrio
1037 4016 1160 4071 compa-

35 4103 168 4158 rantur3
204 4094 252 4147 cui
276 4110 368 4167 quum
394 4095 424 4147 in
446 4092 557 4146 lectum
579 4109 686 4147 socrus
711 4092 931 4155 concessisset,
963 4107 1159 4162 percussores

35 4184 254 4240 immittuntur.
296 4184 358 4242 Sed
379 4186 509 4242 Arsinoe
530 4184 670 4259 (Apame)
693 4183 793 4243 andita
813 4201 886 4239 voce
906 4179 1002 4247 filiae,
1024 4179 1062 4235 ad
1078 4180 1159 4236 iores
