2762 4760
225 179 267 242 dl

224 334 342 402 Omnia
364 334 536 401 convisunt
559 336 647 400 clara
668 335 741 399 loca
766 333 900 398 eandida
921 334 1013 398 luce:

224 442 321 504 Nune
342 441 442 503 redeo
464 442 505 502 ad
528 436 635 501 mundi
658 434 833 502 novitatem
855 449 887 500 et
908 435 1017 501 mollia
1039 447 1144 499 terrae

224 544 334 618 Arva3
358 562 447 606 novo
470 540 537 604 fetu
559 539 638 625 quid
658 538 797 622 primum
819 539 852 602 in
873 537 1000 602 luminis
1022 560 1097 604 oras

224 643 358 709 Tollere
381 655 412 707 et
434 643 564 707 incertis
587 645 611 717 †
634 644 768 706 creduut
791 640 992 706 committere
1015 640 1132 704 ventis.

285 744 456 828 Principio
479 768 578 831 genus
600 746 773 807 herbarum
800 743 997 829 viridemque
1019 742 1158 806 nitorem

222 851 328 912 Terra
352 847 439 912 dedit
462 847 581 910 circum
606 845 719 911 culleis
742 868 937 931 camposque
958 867 1018 929 per
1042 843 1167 909 omneis

196 950 199 955 ’
221 950 358 1015 Florida
382 951 539 1015 fulserunt
565 948 715 1011 viridanti
737 959 830 1030 prata
852 948 986 1011 colore:

221 1053 473 1139 Arboribusque
497 1057 634 1114 datumst
660 1050 758 1114 variis
780 1048 895 1113 exinde
917 1072 976 1132 per
998 1071 1091 1112 auras

223 1155 401 1220 Crescundi
426 1176 572 1238 magnum
595 1153 743 1216 immissis
765 1163 925 1216 certamen
946 1150 1091 1215 habenis.

222 1260 267 1324 Ut
285 1257 393 1341 pluma
417 1269 513 1342 atque
532 1255 611 1338 pilei
629 1255 768 1338 primum
792 1266 941 1339 setaeque
964 1265 1114 1318 creantur

224 1361 473 1442 Quadrupedum
498 1358 649 1422 membris
668 1370 699 1423 et
722 1378 864 1439 corpore
885 1355 1168 1439 pennipotentum,

226 1462 280 1525 Sic
300 1473 469 1526 novatum
492 1462 585 1524 tellus
608 1462 725 1524 herbas
750 1459 953 1545 virgultaque
974 1457 1114 1541 primum

225 1564 377 1638 Sustulit;
401 1565 474 1627 iude
495 1563 562 1628 loci
583 1562 730 1628 mortalia
753 1562 838 1626 secla
862 1560 985 1625 creavit

228 1667 335 1730 Multa
359 1666 463 1730 modis
487 1666 613 1741 multis,
639 1664 727 1727 varia
748 1663 874 1728 ratione
896 1676 1026 1729 coorta.

225 1771 308 1833 Nam
332 1790 435 1854 neque
460 1771 497 1830 de
517 1768 606 1832 caelo
631 1766 783 1830 cecidisse
805 1766 951 1829 aninmlia
972 1778 1122 1849 possunt,

226 1874 298 1935 Nee
321 1870 487 1943 terrestria
510 1875 549 1933 de
572 1869 661 1933 salsis
684 1869 787 1933 exisse
810 1867 944 1932 lacunis.

224 1972 416 2059 Linquitur,
439 1984 473 2036 nt
493 1972 608 2037 merito
632 1983 806 2035 maternum
830 1992 947 2036 nomen
967 1974 1081 2054 adeptu

225 2079 330 2140 Terra
350 2075 409 2152 sit,
432 2086 554 2138 eterra
577 2073 727 2160 quoniam
750 2085 822 2136 sunt
846 2086 959 2138 cuncta
981 2085 1100 2138 creata.

225 2177 396 2263 Multaque
418 2199 501 2239 nunc
524 2176 617 2239 etiam
639 2176 795 2243 exsistunt
818 2175 965 2240 animalia
989 2175 1101 2253 terris,

223 2279 390 2343 Imbribus
412 2289 443 2342 et
467 2278 573 2343 calido
598 2279 676 2344 solis
699 2290 852 2342 concreta
873 2301 1015 2362 vapore:

227 2381 302 2462 Quo
326 2380 436 2444 minus·
448 2393 495 2445 est
518 2382 648 2458 mirum,
672 2382 700 2445 si
721 2393 787 2443 tum
810 2393 883 2444 seint
903 2382 996 2465 plura
1018 2394 1132 2447 coorta

228 2485 272 2546 Et
293 2483 434 2559 maiora,
457 2505 543 2548 nova
561 2484 674 2547 tellure
697 2494 792 2569 atque
811 2486 958 2561 aethere,
981 2484 1099 2547 adulta.

290 2584 479 2669 Principio,
505 2609 604 2670 genus
623 2587 753 2649 alituum
777 2584 947 2672 variaeque
972 2587 1123 2650 volucres

226 2689 300 2752 Ova
321 2687 544 2775 relinquebant
562 2689 712 2752 exclusae
731 2699 877 2772 tempore
897 2710 1020 2753 verno:
1293 2693 1358 2756 80⁰

224 2867 348 2930 niseatua,
376 2885 422 2915 nec
440 2872 552 2928 mancipi
571 2885 599 2916 ac
621 2872 741 2916 similibus
759 2875 816 2926 (nee
829 2869 929 2931 sunere
946 2872 1035 2916 Catuli.
1050 2872 1132 2928 Epith.
1146 2872 1201 2917 Pel.
1216 2869 1294 2929 83.)‚
1317 2876 1356 2920 ubi
1378 2890 1380 2905 ⁴

225 2955 271 2985 nec
286 2941 426 2996 simpliciter
444 2946 530 2999 negat,
562 2941 655 2999 antiqui
680 2955 775 2997 semper
794 2943 910 2997 primaria
927 2943 1007 2987 forma
1025 2955 1086 2995 nec,
1106 2956 1153 2986 non
1171 2956 1231 2987 vero
1253 2946 1356 2999 proluu-

224 3015 280 3070 gata
291 3024 319 3055 ar
331 3011 443 3055 molliore
456 3024 534 3069 neque
546 3012 656 3056 videntur
668 3024 721 3056 esse
732 3012 779 3055 usi.
818 3009 877 3058 780.
898 3013 933 3056 lta
947 3012 1023 3057 Codd.
1036 3011 1080 3071 (C.
1092 3008 1137 3067 tt.)
1147 3011 1209 3056 Edd.
1224 3019 1288 3060 vett.
1304 3020 1357 3059 teu-

224 3080 269 3127 det
286 3081 439 3125 committere
457 3081 495 3129 Pii
511 3081 674 3141 exemplaria,
693 3079 795 3125 tendunt
812 3083 975 3126 committere.
989 3082 1018 3127 Α.
1041 3082 1145 3126 tentarit
1157 3080 1266 3126 eredere
1280 3084 1314 3129 L.
1327 3085 1356 3128 Η.

223 3164 287 3207 „per
304 3152 479 3196 exsecrandum
497 3150 590 3194 facinus
609 3154 632 3194 et
650 3150 820 3196 detestabile.”
837 3152 910 3195 Wala.
936 3152 1034 3196 Amicus
1053 3155 1150 3196 noster:
1171 3149 1296 3197 creduint
1316 3167 1358 3209 per

224 3221 414 3276 ayuecpbouesin
432 3233 477 3275 pro
496 3218 667 3275 crediderim
696 3219 810 3280 confite,
839 3234 904 3265 oneo
922 3220 975 3266 alut
993 3235 1070 3276 urvo,
1099 3222 1208 3279 quamvis
1226 3220 1358 3268 deficiente

225 3292 351 3345 cxempto3
371 3287 472 3333 credula
491 3291 587 3347 quidem
605 3294 629 3334 et
648 3289 746 3335 ereduit
764 3290 836 3334 habes
855 3292 917 3346 opud
935 3291 1056 3336 Plautum.
1092 3290 1189 3335 Etenim
1208 3292 1298 3336 adduci
1318 3293 1358 3336 ille

223 3358 286 3402 baud
305 3362 413 3412 poterat,
442 3362 468 3401 ut
485 3372 540 3402 rum
557 3360 600 3403 W.
620 3361 648 3403 nd
666 3373 691 3406 v.
711 3358 817 3404 credunt
835 3361 973 3415 suppleret:
1002 3357 1163 3417 philosophi,
1190 3359 1359 3415 Empedocles

225 3428 279 3472 scil.
300 3441 339 3483 ap.
359 3426 592 3472 Pseudo-Plutarch.
612 3429 639 3472 de
658 3429 752 3484 placitis
766 3429 825 3485 phil.
840 3426 870 3483 5,
886 3428 928 3474 2⁶.
943 3435 967 3475 et
977 3430 1159 3486 'theophrastus
1172 3443 1212 3484 ap.
1226 3430 1356 3487 Porphrr.

225 3499 253 3542 de
272 3496 360 3541 abstiu.
382 3493 413 3550 2,
432 3492 458 3540 5.
478 3496 554 3541 Forb.
574 3497 644 3541 amici
662 3499 708 3543 mei
730 3499 794 3543 coni.
815 3498 931 3544 ereduint
950 3501 1052 3555 recepit.
1091 3499 1195 3543 Poterat
1214 3502 1357 3546 mehercule

223 3567 312 3611 melius
331 3567 404 3610 etiam
421 3564 519 3610 crederit
536 3567 588 3611 scil.
610 3571 689 3612 terra:
721 3569 849 3612 dummodo
874 3569 933 3613 haec
949 3570 1029 3614 torma
1048 3574 1112 3614 esset
1130 3569 1234 3624 perfecti
1256 3573 1358 3615 coniue-

224 3637 296 3692 ctivi3
316 3637 379 3694 quod
397 3635 458 3679 falso
479 3638 575 3681 tradunt
594 3636 750 3682 Grammatici
770 3642 794 3681 et
811 3638 987 3698 Lexieographi
1006 3639 1129 3699 nonnulli:
1161 3640 1205 3683 sed
1229 3639 1358 3695 creduis,

223 3703 322 3750 creditit
340 3700 402 3761 apud
420 3706 548 3762 Plautum,
577 3712 602 3751 ut
625 3705 695 3751 duim
720 3712 744 3753 et
762 3706 883 3763 perduim
908 3714 955 3753 cet.
980 3722 1078 3764 semper
1096 3712 1133 3753 est
1150 3720 1272 3763 praeseus
1292 3712 1359 3754 coni.

223 3775 385 3819 Nihilominus
404 3778 522 3821 sententia
540 3777 668 3821 manifesto
687 3777 812 3834 requirere
832 3778 942 3832 videtur,
974 3780 1037 3836 quod
1060 3776 1143 3822 audaci
1163 3779 1361 3833 interpolatione

223 3846 303 3889 intulit
320 3846 405 3890 Lamb.
425 3848 529 3891 tentarit
551 3845 665 3891 credere.
702 3849 794 3891 Verum
818 3846 878 3891 nune
905 3860 1010 3893 censeo:
1037 3847 1153 3901 crerint,
1182 3849 1361 3903 decreverint,

224 3915 367 3970 iudicarint,
382 3917 518 3961 statuerint.
538 3917 626 3964 Catuli.
639 3916 721 3972 Epith.
735 3917 789 3961 Pel.
806 3913 864 3962 150.
883 3915 970 3961 Potina
981 3931 1134 3977 germanum
1146 3918 1268 3961 amittere
1278 3920 1360 3963 crevi.

223 3983 303 4028 Locus
318 3991 398 4030 autem
410 3986 570 4042 Theophrasti
584 3987 644 4041 apud
657 3986 820 4041 Porphyrium
835 3987 873 4030 hic
891 3991 942 4032 est:
962 3980 1159 4050 Ἐμπεδεκλῆς
1172 3983 1282 4052 πρῶτα
1301 3984 1362 4036 τῶν

224 4049 304 4116 ζώων
323 4050 361 4105 τὰ
379 4052 484 4126 δένδρα
501 4052 536 4103 ἐκ
548 4052 602 4120 γῆς
620 4049 767 4104 ἀναδῦναί
783 4070 887 4119 φησιν.
906 4080 938 4091 -
957 4052 1070 4125 Δένδρα
1086 4053 1142 4119 μὲν
1160 4051 1219 4124 γὰρ
1238 4053 1280 4121 δὴ
1302 4054 1361 4126 πρὸ

224 4119 306 4185 ζώων
325 4118 470 4174 ἀνέδωκεν
488 4120 508 4189 ἡ
526 4122 579 4188 γῆ·
610 4120 668 4174 τῶν
695 4121 822 4193 δένδρων
848 4121 880 4173 δὲ
898 4120 972 4174 πολὺ
992 4120 1126 4195 πρόσθεν
1144 4121 1200 4188 τὴν
1218 4122 1362 4175 ἐπέτειον

227 4194 412 4257 γΰννωμένην
430 4190 518 4242 πόαν.
563 4191 622 4238 787.
642 4192 889 4240 inruembriaL.H.
934 4193 992 4241 789.
1013 4194 1247 4242 corduunusCod.
1267 4195 1303 4241 0.
1321 4198 1363 4239 W.

229 4264 338 4315 desertus
353 4267 383 4307 ab
397 4262 492 4309 Eicbst.
521 4263 610 4316 Recte,
630 4267 710 4317 puto,
730 4263 786 4308 licet
803 4263 878 4309 Forb.
898 4277 991 4323 quoque
1010 4266 1154 4320 praetulerit
1171 4264 1275 4321 eorda,
1298 4268 1364 4325 qnod
