2762 4760
206 209 247 268 tt

271 365 444 428 Praeterea
463 377 631 422 versamur
653 353 772 419 ibidem
793 364 887 439 atque
909 354 1051 426 insumus
1072 374 1186 439 usquc3

206 469 278 530 Nec
297 485 382 529 nova
406 460 547 525 vivendo
571 456 764 540 procuditur
782 455 845 517 ulla
867 455 1029 538 voluptas.

206 571 287 643 Sed,
310 569 383 628 dum
398 566 502 637 abest,
523 562 613 646 quod
628 578 771 632 avemus,
794 554 827 620 id
849 578 1045 640 exsuperare
1063 556 1190 621 videtur
1244 557 1328 620 1005

208 669 343 743 Cetera;
365 676 442 748 post
464 662 564 738 aliud,
588 683 685 746 quom
708 657 848 743 contigit
866 658 963 735 illud,
988 681 1115 723 avemus

208 774 253 835 Et
272 769 340 837 sitis
361 770 460 852 aequa
481 775 567 828 tenet
585 763 665 826 vitai
684 781 811 844 semper
829 760 982 824 hianteis:

207 876 408 954 Posteraque
429 867 462 930 in
484 865 583 930 dubio
606 876 653 929 est
674 865 838 929 fortunam
859 885 954 948 quam
977 865 1072 927 vehat
1092 874 1214 944 aetas„

209 973 336 1056 Quidve
357 972 441 1034 ferat
457 966 560 1032 nobis
580 989 674 1030 casus
696 964 793 1050 quive
812 963 917 1028 exitus
940 964 1048 1028 instet.

270 1077 342 1138 Nec
360 1091 511 1154 prorsum
533 1068 630 1131 vitam
652 1071 801 1131 ducundo
824 1067 977 1130 demimus
995 1067 1093 1129 hilum
1249 1068 1333 1129 1100

209 1179 373 1258 Tempore
394 1176 432 1236 ‹le
455 1170 588 1244 mortim
612 1191 672 1232 nec
693 1168 853 1234 delibrare
874 1169 1032 1244 valemus,

208 1280 283 1360 Quo
306 1275 407 1338 minus
429 1294 497 1336 esse
517 1270 571 1334 diu
592 1269 753 1353 possimus
771 1282 874 1335 morte
893 1271 1083 1354 peremptei.

208 1376 370 1451 Proinde,
392 1374 468 1438 licet
487 1385 568 1458 quot
591 1372 638 1436 vis
659 1371 799 1437 vivendo
823 1377 963 1438 condere
983 1374 1085 1449 secla,

208 1483 307 1546 Mors
329 1488 457 1541 aeterna
479 1487 582 1538 tamen
602 1473 705 1539 nihilo
725 1472 826 1537 minus
846 1472 901 1537 illa
922 1475 1079 1538 manebit:

209 1586 281 1647 Nec
299 1579 401 1659 minus
420 1578 476 1641 ille
495 1578 548 1639 diu
570 1576 632 1639 iam
652 1597 718 1640 non
739 1575 817 1651 crit,
841 1598 883 1640 ex
901 1577 1061 1643 hodierno
1251 1584 1334 1642 1105

209 1681 347 1747 Lumine
369 1680 425 1765 qui
445 1681 540 1742 finem
559 1678 639 1740 vitai
659 1676 754 1753 fecit,
778 1689 810 1741 et
830 1678 902 1753 ille,

210 1784 379 1850 Mentibus
398 1794 493 1868 atque
512 1780 601 1844 annis
622 1779 678 1865 qui
697 1779 803 1843 multis
826 1780 947 1844 occidit
966 1793 1049 1846 ante.

576 1970 654 2031 Lm.
678 1967 744 2030 lv.
770 1987 803 2029 v.
830 1968 959 2031 1-25.

272 2090 358 2155 Avia
378 2087 542 2154 Pieridum
560 2108 703 2172 peragro
726 2085 818 2162 loca,
841 2087 956 2150 nullius
975 2100 1046 2152 ante

211 2192 304 2258 Trita
323 2192 418 2257 solo:
443 2190 533 2254 iuvat
553 2189 699 2273 integros
719 2191 872 2253 accedere
893 2188 1012 2253 fonteio

210 2295 320 2380 Atque
340 2292 489 2367 haurire;
511 2291 664 2376 iuvatque
685 2311 790 2355 novos
813 2294 988 2374 decerpere
1009 2292 1108 2356 flores

211 2396 437 2480 insignemque
455 2414 525 2457 meo
549 2391 647 2473 capiti
666 2403 777 2474 petere
799 2392 873 2456 inde
893 2414 1063 2468 coronam,

212 2498 305 2563 Unde
327 2495 418 2578 prius
439 2494 519 2557 nulli
542 2493 677 2557 velarint
698 2504 846 2576 tempora
869 2496 997 2558 Musae.

211 2598 372 2673 Primum,
396 2599 486 2681 quod
507 2595 632 2681 magnis
654 2599 759 2663 doceo
782 2598 937 2659 derebus
960 2608 991 2662 et
1013 2598 1090 2662 artis

211 2697 422 2783 Religionum
445 2696 582 2761 animum
603 2696 698 2763 nodis
719 2697 890 2762 exsolvere
909 2720 1035 2783 perg03

211 2799 354 2875 Deinde,
377 2801 467 2884 qnod
488 2800 628 2862 obscura
645 2803 683 2863 de
704 2820 740 2863 re
760 2810 824 2861 tam
847 2799 951 2863 lucida
973 2822 1081 2885 pango

212 2899 381 2977 Carmina,
405 2900 544 2989 Musaeo
566 2899 757 2985 contingens
778 2913 892 2965 cuncta
914 2901 1046 2985 lepore:

210 3006 252 3069 Id
271 3023 401 3089 quoque
423 2985 506 3064 enim
528 3022 594 3067 non
617 3003 657 3064 ab
676 2994 762 3064 nulla
780 3003 906 3068 ratione
925 3004 1067 3070 videtur.
1303 3015 1342 3072 10

176 3177 180 3185 s
211 3109 295 3171 Nam
318 3101 417 3168 veluti
438 3102 547 3186 pueris
569 3101 729 3167 absinthia
747 3114 829 3168 tetra
853 3110 1011 3172 medentes

214 3209 322 3290 Quom
342 3209 419 3270 dare
440 3216 614 3283 conantur,
637 3205 728 3289 prius
749 3227 825 3272 oras
846 3206 965 3291 pocula
987 3211 1108 3275 circum

266 3339 341 3388 1101.
362 3339 474 3385 delibare
492 3341 517 3384 h.
535 3341 553 3384 l.
567 3341 643 3386 Poor.
657 3341 720 3388 lunt.
730 3343 760 3391 A.
776 3341 896 3389 Gitanius.
916 3332 1068 3400 (delibernrc
1077 3348 1106 3393 C.
1117 3348 1148 3394 Ε.
1168 3349 1244 3394 sicin
1257 3356 1343 3396 nostn

215 3411 406 3457 Chrestomathia
421 3410 585 3454 Frontoniaua
600 3410 631 3455 N.
646 3408 671 3455 1.
684 3425 729 3467 pro
742 3418 857 3468 corrupto
869 3428 893 3462 r.
904 3413 1102 3462 delibernmentn
1113 3418 1219 3464 Laberio
1229 3422 1342 3465 restitui-

213 3478 458 3605 ιαηειὲνίῐὶὶξῧηςεητα.
479 3478 544 3522 llaec
559 3479 605 3522 tria
621 3492 659 3524 vt.
679 3481 766 3537 ubique
783 3483 895 3528 confundi
908 3486 1048 3531 tralatitium
1061 3485 1122 3543 est.)
1168 3484 1249 3536 1101.
1269 3489 1343 3543 (Nox

633 3617 688 3662 Lm.
705 3619 748 3664 lv.
769 3619 913 3667 v.1-25.

267 3706 342 3750 tidem
359 3716 443 3748 versun
462 3705 572 3762 leguntur
590 3704 620 3750 L.
636 3703 661 3750 1.
678 3704 736 3752 ⁹24.
754 3708 756 3713 '
782 3705 807 3753 1.
836 3702 939 3765 (marcio
956 3711 998 3756 W.
1013 3710 1092 3769 coni.)
1140 3709 1165 3758 l.
1185 3714 1293 3760 animoa
1313 3717 1341 3760 E.

214 3772 445 3820 1111111.
476 3774 588 3817 animum
604 3788 658 3820 curn
675 3776 735 3821 Cdd.
749 3778 805 3834 aliq.
822 3781 895 3823 etiarn
909 3792 977 3824 meus
996 3780 1025 3826 C.
1042 3782 1104 3826 Edd.
1121 3787 1179 3828 vett.
1192 3784 1241 3829 Ar.
1256 3787 1303 3830 W.
1315 3788 1342 3830 F.

214 3844 306 3888 Eadem
320 3843 424 3888 varietas
436 3841 491 3886 Lib.
502 3839 531 3897 1,
549 3840 609 3888 931.
629 3844 736 3891 Pructnli
747 3861 808 3892 nunc
818 3850 966 3907 singularem
978 3836 1105 3896 numerum
1118 3854 1221 3898 maxime
1240 3861 1344 3910 propter

215 3913 271 3958 Lib.
286 3912 315 3967 5,
333 3910 374 3958 50.
394 3925 429 3956 ex
447 3911 579 3972 animoque
597 3914 654 3969 (non
672 3929 707 3959 ex
718 3917 871 3977 animisque)
889 3921 1018 3976 expulerit
1028 3918 1113 3965 dictio.
1159 3920 1184 3967 8.
1201 3924 1298 3980 pando
1318 3939 1345 3969 er

216 3983 292 4028 Godd.
307 3981 446 4040 quibusdam
460 3983 525 4026 dedit
537 3983 580 4026 W.
592 3985 633 4027 sed
646 3998 749 4045 pungo,
762 3989 825 4044 quod
839 4000 922 4032 rerum
935 3995 986 4044 est,
999 3991 1063 4035 idem
1075 3992 1175 4036 retinnit
1185 3991 1215 4036 L.
1232 3990 1245 4034 1
1258 4026 1265 4048 ,
1282 3991 1344 4039 932.

216 4049 271 4110 [Cd.
287 4065 354 4096 ruens
372 4051 403 4094 Ε.
422 4063 493 4106 apr.
513 4065 583 4096 manu
599 4051 699 4110 pondo,
720 4057 782 4113 qnod
801 4059 915 4112 praetulit
931 4059 1007 4104 Forh.
1027 4060 1154 4113 „obscura
1166 4062 1195 4106 de
1208 4075 1238 4106 re
1254 4063 1346 4108 lueida

215 4124 320 4166 cnrunina
335 4118 435 4181 pondo,
455 4123 474 4164 i.
493 4136 516 4166 e.
536 4122 603 4178 quasi
624 4125 747 4178 expando,
769 4129 875 4170 ninnium
893 4129 970 4172 oculis
988 4129 1098 4183 aperio.''-
1132 4131 1178 4175 Sed
1192 4136 1265 4177 certe
1278 4138 1347 4177 ntro-

215 4191 285 4248 ln'que
304 4193 386 4237 eadem
406 4190 477 4235 lectio
496 4190 629 4234 erhibcnda
646 4197 714 4236 erat:
735 4206 790 4237 nam
808 4195 854 4238 hoc
872 4196 966 4253 quidem
985 4198 1039 4242 loco
1053 4200 1133 4254 inepta
1145 4205 1212 4245 esset
1223 4204 1346 4248 variatio.

216 4261 279 4305 Turn
295 4274 310 4305 a
327 4273 398 4306 manu
418 4272 467 4305 sec.
481 4258 530 4307 n:
546 4272 635 4318 pungo
652 4261 734 4321 sicque
754 4259 795 4321 0.]
833 4261 874 4309 12.
893 4278 1015 4314 conamur
1027 4270 1087 4318 Ver.
1098 4270 1178 4326 Ven..
1198 4283 1278 4329 qnam
1288 4275 1347 4318 tert.
