2762 4762
59 327 184 409 Qualem
209 327 370 393 Ronurleo
392 327 531 409 Pylades
552 338 700 412 spectare
722 331 850 396 theatro

114 431 340 511 Melpomenes
361 441 488 495 sectans
509 429 587 493 scita
611 435 789 517 modosque
811 432 917 510 dedit,

57 531 182 597 Diceret
203 531 336 595 abiectis
357 532 439 596 odiis
459 532 572 617 regina
592 536 749 599 deorumn

116 633 286 715 Mentiris,
310 655 399 698 meus
420 633 473 700 hic
493 635 577 699 lilius
599 647 665 714 est,
692 636 832 702 Semele.

585 820 640 885 71.

59 956 107 1019 Aa
128 957 273 1020 Romana
296 954 370 1019 tulit
391 953 514 1019 Thebis
536 977 633 1038 qttom
655 956 778 1041 pulpita
800 958 962 1034 Bacchas,

115 1059 269 1120 Induerat
292 1057 431 1136 Pylades
453 1059 553 1120 corde
576 1059 748 1143 habituque
770 1063 883 1124 deum:

59 1158 162 1221 Mixto
185 1156 246 1220 luit
268 1157 392 1240 trepida
413 1178 484 1221 eum
506 1157 662 1243 religione
685 1158 855 1241 voluptas,

96 1260 184 1324 Urbs
207 1280 304 1343 quoru
326 1270 394 1323 tota
410 1280 510 1324 sacro
532 1262 625 1342 plena
646 1261 760 1324 surore
781 1261 883 1326 foret.

59 1361 135 1446 lgne
155 1370 259 1423 satum
282 1362 414 1424 Thebae
436 1371 572 1426 norunt:
596 1361 741 1425 caelestis
762 1373 795 1426 at
815 1363 869 1426 ille
892 1372 959 1439 est,

117 1462 288 1527 Facundae
309 1461 438 1544 pariunt
458 1483 554 1546 quem
575 1462 644 1527 sine
665 1483 748 1528 voce
769 1484 894 1528 manus.

585 1647 639 1713 72.

60 1783 165 1868 Virgo
187 1783 280 1848 iidem
303 1787 430 1870 qttoties
451 1786 579 1870 plectro
601 1786 759 1868 percussit
781 1788 926 1864 eburno,

119 1886 358 1967 'l'erpsichorae
379 1888 440 1950 fitis
463 1889 583 1950 aetnttla
604 1886 656 1950 fila
680 1899 809 1961 moret;

60 1987 96 2049 ln
118 1987 261 2070 tragicos
283 1990 391 2051 eadem
415 2002 526 2053 vocem
549 1988 577 2052 si
598 1990 706 2053 solvat
727 1987 853 2064 hiatus,
981 1980 985 1989 ’

120 2091 198 2155 Non
218 2087 244 2152 it
265 2090 494 2172 Melpomenac
517 2089 618 2155 maior
640 2092 681 2153 ab
703 2110 762 2154 ore
784 2111 896 2154 sonus.

61 2190 157 2270 Quod
177 2189 205 2252 si
226 2192 265 2254 de
285 2189 391 2255 forma
412 2189 531 2254 suerint
552 2191 745 2267 certamina,
769 2190 876 2254 vincet

119 2293 163 2355 Et
185 2292 362 2367 Venerem,
385 2291 481 2355 iudex
504 2292 545 2355 sit
567 2291 640 2355 lieet
661 2291 729 2374 ipse
751 2286 858 2356 Paris.

61 2393 122 2457 Sed
143 2392 278 2457 tacuisse
299 2392 376 2456 mihi
397 2393 527 2469 melius,
552 2415 611 2470 ne,
634 2392 663 2457 si
684 2393 789 2457 audiat
811 2395 923 2472 Euan,

121 2495 265 2560 Rursum
287 2493 472 2560 Ariadneos
494 2505 624 2579 appetat
646 2494 715 2578 ipse
737 2505 844 2561 toros.

591 2678 655 2749 73..

62 2819 125 2900 Qui
146 2819 257 2883 canitis
280 2830 417 2901 topper,
442 2818 497 2901 qui
518 2819 649 2891 betere,
673 2815 792 2900 qtrique
814 2834 964 2891 eeruses,

122 2923 224 2983 Vates
245 2920 389 3003 impliciti
410 2920 571 2994 sentibus,
596 2919 638 2981 ite
661 2918 788 3006 procul.

61 3025 104 3089 Et
126 3044 263 3104 qrrorurn
287 3022 372 3085 tenui
393 3026 508 3085 sudans
532 3022 562 3083 in
585 3019 722 3081 carmine
743 3039 823 3081 ¹eure

123 3126 177 3188 Ex
200 3124 299 3187 saeris
322 3125 407 3186 solas
427 3123 572 3185 lontibus
594 3122 697 3183 haurit
718 3141 827 3203 aquas.

61 3227 125 3292 Ista
149 3225 214 3287 dics
237 3224 346 3307 agitur
368 3224 488 3288 Flacco
512 3244 691 3305 magnoque
714 3221 847 3284 Maroni

125 3328 201 3391 Non
223 3339 306 3391 amat
327 3327 379 3392 hie
402 3337 523 3403 crater,
547 3323 637 3409 queis
659 3326 745 3388 levat
767 3326 849 3387 unda
870 3321 966 3387 sitim.

596 3528 650 3595 an.
689 3492 695 3499 ’

65 3676 192 3757 Septem
214 3671 296 3736 sama
318 3672 442 3753 sophos
463 3669 619 3733 celebrat.
665 3666 844 3733 Cleobulus
865 3665 896 3727 in
919 3660 981 3726 illis
1043 3656 1046 3661 ⁴

127 3774 263 3837 Lindius
285 3783 346 3837 est.
391 3772 526 3852 Ephyre
548 3780 602 3844 te,
627 3768 822 3841 Periandro,
848 3764 947 3830 dedit.

63 3877 207 3951 Pittaco,
233 3886 265 3938 te
287 3873 398 3958 genuit
419 3873 600 3952 Mitylenae
626 3870 737 3934 Biante
762 3869 899 3932 Priene:

129 3978 264 4041 Miletos
286 3975 365 4038 iuris
388 3977 491 4038 robur
514 3994 656 4056 opesque
679 3970 823 4045 Thalen,

69 4080 236 4145 Chilonem
260 4079 375 4158 Sparte
398 4075 501 4138 dedit:
527 4076 634 4138 Attica
657 4086 742 4136 terra
758 4072 936 4151 'Solonem

131 4180 223 4261 Quos
244 4181 385 4262 prudens
407 4176 549 4262 gravitas
571 4187 619 4239 est
641 4173 792 4240 comitata
816 4172 918 4241 viros.
