2750 4744
479 768 807 846 SULPICIAE
852 767 1089 844 santur.

262 1141 378 1217 Musa,
403 1139 516 1224 quibus
538 1139 676 1202 numeris
698 1141 814 1205 heroas
837 1149 869 1201 et
891 1157 977 1200 arma
999 1135 1205 1221 frequentas,

220 1243 383 1307 Fabellam
405 1240 557 1325 permitte
581 1241 655 1304 milri
676 1243 827 1305 detexere
849 1239 980 1322 paucis:

219 1346 300 1409 Nam
323 1343 382 1407 tibi
403 1343 540 1418 secessi,
564 1355 668 1406 tecum
690 1343 855 1425 penetrale
876 1353 1053 1406 retractans

220 1445 411 1512 Consilium.
457 1446 564 1525 Quare
587 1466 646 1508 nec
667 1445 808 1508 carmine
831 1466 929 1508 curro
951 1443 1115 1508 Phalaeco

218 1550 289 1613 Nec
310 1547 454 1611 trimetro
476 1547 583 1611 iambo
606 1568 682 1622 nec,
706 1546 762 1630 qui
783 1549 865 1628 pede
886 1547 1009 1610 fractus
1031 1548 1148 1610 eodem
1310 1544 1325 1605 5

218 1649 364 1714 Fortiter
386 1649 480 1713 irasci
501 1648 612 1712 didicit
633 1652 714 1713 duce
738 1649 960 1714 Clazomenio.

219 1750 335 1817 Cetera
357 1752 432 1837 qnin
454 1750 564 1826 ctiam,
588 1763 669 1835 quot
690 1751 825 1836 denique
849 1750 933 1814 milia
956 1750 1017 1812 lusi

218 1854 389 1936 Primaque
413 1856 574 1918 Romanae
596 1855 692 1917 docui
713 1855 907 1916 contendere
932 1851 1037 1915 Graiis

218 1958 263 2020 Et
285 1955 403 2019 salibus
425 1955 550 2019 variare
573 1954 684 2031 novis,
709 1965 892 2019 constanter
915 1952 1050 2027 omitt03

219 2061 350 2141 Teque,
375 2057 490 2142 quihus
512 2057 663 2139 princeps
687 2069 718 2119 et
739 2054 962 2119 facundissima
985 2054 1100 2130 calles,

218 2159 432 2244 Aggredior:
456 2158 606 2241 precibus
629 2161 785 2221 descende
808 2154 932 2222 clientis
956 2169 987 2220 et
1009 2156 1095 2219 aridi.

259 2261 322 2324 Dic
344 2261 436 2337 mihi,
462 2260 629 2342 Calliope,
653 2260 801 2343 quidnam
825 2272 917 2342 pater
939 2259 993 2323 ille
1016 2261 1149 2322 deorum

219 2361 380 2445 Cogitat?
402 2384 440 2424 an
462 2374 565 2425 terras
588 2374 619 2425 et
640 2362 742 2444 patria
764 2363 870 2426 secula
894 2360 1017 2425 mutat?

218 2465 370 2548 Quasque
392 2463 476 2526 dedit
498 2467 679 2547 quondam,
705 2465 915 2529 morientibus
936 2463 1031 2546 eripit
1053 2463 1163 2528 artes?

218 2567 353 2648 Nosque
374 2564 463 2628 iubet
484 2566 599 2630 tacitos
622 2579 654 2630 et
676 2567 736 2630 iam
759 2567 895 2630 rationis
921 2587 1042 2652 egenos

218 2668 296 2731 Non
318 2665 435 2743 aliter,
457 2666 563 2749 primo
586 2689 680 2752 quam
703 2688 801 2753 quom
823 2667 1020 2733 surreximus
1044 2690 1146 2747 aevo,

617 2869 787 2916 sntrtctnt:
806 2871 932 2919 santus.

288 2981 313 3028 2.
329 2984 405 3042 puris
424 2984 506 3029 Heius.
545 2980 569 3031 1,
587 2984 735 3030 Phalaecens
756 2984 978 3040 hendecasyllahus.
1001 2998 1026 3030 v.
1049 2999 1072 3031 c.
1109 2982 1174 3046 Quoi
1191 2983 1256 3030 dono
1271 2984 1325 3041 lepl-

216 3051 275 3098 dum
295 3066 383 3098 norum
410 3052 543 3097 libellum?
580 3049 604 3098 5.
626 3055 716 3099 Scezou
735 3053 911 3109 Hipponacteos
933 3068 956 3097 r.
975 3069 998 3099 c.
1036 3047 1055 3104 ὁ
1078 3048 1269 3116 μουσοποιὸς
1288 3049 1325 3101 t'v·

215 3114 280 3170 8άῖ
296 3114 437 3182 Ἱππῶναξ
448 3125 552 3171 κεῖται.
572 3122 637 3168 Male
652 3124 767 3168 Wernsd.
787 3122 883 3168 volebat
901 3129 1016 3180 tracum
1035 3137 1058 3167 r.
1072 3124 1180 3168 Haschlt.
1194 3125 1223 3167 ad
1240 3123 1293 3167 Tih.
1306 3135 1324 3174 p.

217 3189 276 3236 679.
315 3189 339 3236 6.
358 3192 436 3236 discit
456 3193 509 3236 Ald.
530 3188 703 3237 Clazomenius
721 3192 808 3237 dicitur
825 3193 966 3248 Hipponax,
996 3194 1066 3252 qnia,
1092 3206 1164 3250 quarn
1181 3197 1247 3237 esset
1261 3191 1324 3247 Ephe-

215 3261 286 3313 sius,
315 3266 413 3315 propter
444 3260 612 3320 Athenagorae
645 3266 669 3306 et
699 3266 790 3306 Comae
821 3262 971 3316 tyrannidem
992 3275 1018 3307 se
1047 3262 1148 3306 contulit
1171 3261 1324 3306 Clazomenas.

214 3328 310 3372 Floruit
320 3329 384 3373 circa
394 3328 490 3384 Olymp.
500 3330 583 3378 Lxx.
604 3327 628 3375 1.
639 3344 686 3389 quo
697 3331 752 3374 Ald.
763 3328 829 3388 quod
837 3331 936 3375 Werne.
947 3332 1011 3375 coni.
1022 3332 1116 3388 Reliqui
1127 3336 1193 3388 quot.
1206 3344 1269 3389 quse
1277 3327 1325 3372 mol·

213 3396 251 3441 liu
268 3397 352 3442 Burin.
389 3394 413 3441 8.
432 3395 557 3443 Romanoa
575 3398 631 3442 Ald.
647 3400 769 3444 Schwarz.
790 3397 916 3443 Romanas
941 3399 1042 3444 debetur
1060 3401 1159 3444 vineto.
1199 3397 1241 3443 10.
1257 3398 1325 3456 polles

214 3466 350 3511 dubitanter
368 3467 432 3510 coni.
452 3468 537 3512 Burm.
556 3466 657 3513 Petron.
678 3482 700 3512 c.
722 3465 781 3513 135.
801 3466 842 3512 tte
860 3481 908 3528 ego
925 3468 1023 3513 cullenr
1038 3469 1147 3533 artibus.
1187 3464 1231 3512 13.
1252 3468 1277 3511 ire
1288 3477 1325 3523 pe·

214 3536 266 3581 triu
286 3535 370 3580 lleius.
388 3536 503 3580 Bouhier.
554 3533 595 3580 14.
624 3537 794 3582 maerentibus
812 3537 890 3581 Bouh.
937 3533 979 3582 15.
998 3552 1066 3597 seqq.
1085 3550 1171 3581 versus
1191 3537 1238 3581 hoc
1258 3535 1325 3580 ordine

215 3604 313 3649 exhibet
329 3606 385 3650 Atd.
400 3602 500 3664 Nosque
517 3624 553 3638 ·-
570 3603 637 3666 Quid
646 3624 682 3638 ·-
693 3604 772 3651 Romu
783 3625 818 3639 -
829 3605 881 3652 Sed
897 3606 976 3651 uirtus
989 3630 1022 3641 -
1033 3605 1091 3652 Non
1103 3630 1137 3639 —
1150 3603 1291 3650 Glandilus
1300 3619 1326 3636 ν

214 3671 255 3719 An
271 3693 307 3707 ·-
324 3672 376 3718 Sed
392 3686 473 3732 genus
491 3694 526 3705 -
542 3672 573 3717 ln
583 3670 658 3732 fretu
679 3697 707 3709 -
728 3671 873 3734 Ceteroque.
919 3674 992 3720 Recte
1011 3690 1053 3721 eos
1072 3675 1224 3730 transposuit
1243 3676 1324 3720 Doara.

213 3741 261 3793 nisi
288 3743 351 3799 quod
379 3755 402 3784 v.
431 3739 473 3787 21.
493 3741 620 3787 collocavit
637 3748 691 3788 ante
711 3740 753 3789 2³.
773 3745 882 3789 scribens
900 3750 984 3788 cetere
1002 3759 1074 3804 qaue.
1123 3743 1165 3788 15.
1185 3744 1265 3787 etiam
1282 3740 1325 3785 All·

215 3808 257 3856 ll.
281 3823 437 3869 procurrere
460 3810 514 3857 Alc.
540 3813 705 3868 procumbere
735 3814 836 3859 debetur
862 3813 974 3857 Pithoeo.
1040 3812 1082 3859 19.
1108 3810 1259 3871 Romulique
1282 3809 1324 3855 111.

213 3877 342 3940 ltomttqae
378 3880 474 3936 Sciopp.
509 3878 627 3940 Remique
660 3883 770 3928 Floreat.
801 3885 938 3939 exemplar,
969 3881 1113 3942 Romulique
1141 3883 1245 3938 Donza,
1273 3880 1323 3924 enies

213 3950 308 3996 formae
335 3950 400 3994 aliud
424 3951 559 4004 exemplum
583 3952 674 3995 nullum
698 3956 784 3996 exstat.
822 3952 882 3996 llinc
900 3957 979 3996 tamen
998 3951 1022 3995 in
1040 3951 1125 4010 Epigr.
1146 3950 1233 4005 erere.
1256 3948 1292 3996 19.
1306 3943 1323 3988 l·

213 4017 296 4073 (nath
324 4019 379 4063 Pat.
405 4018 425 4061 1.
450 4033 474 4074 p.
506 4014 561 4070 65.)
591 4031 635 4070 pro
661 4013 776 4081 Ῥῆμόν
798 4033 831 4069 τε
853 4014 949 4083 §orcis
977 4018 1029 4069 καὶ
1050 4013 1205 4081 Ῥωμύλον
1235 4015 1325 4079 textor

214 4086 353 4132 Vincentius
372 4088 458 4130 Museo
478 4084 657 4131 Pio-Clement.
678 4086 702 4130 5.
722 4100 745 4140 p.
767 4085 809 4134 18.
828 4090 875 4135 Ed.
895 4089 967 4134 Rom.
988 4091 1045 4148 legit
1059 4082 1178 4152 Ῥῶμόν
1195 4102 1231 4139 τε
1250 4082 1324 4151 §oret

214 4151 267 4204 καὶ
281 4150 424 4218 Ῥέμυλον
441 4151 550 4212 λεχέων
560 4163 570 4195 .·
588 4152 676 4207 duplici
694 4154 798 4200 lieentia.
848 4159 895 4204 sed
914 4160 970 4216 quia
986 4160 1027 4203 rix
1045 4160 1159 4213 indutor,
1193 4163 1221 4203 nt
1242 4162 1324 4204 suum

215 4222 344 4269 indulsisse
364 4222 410 4267 sihi
431 4222 571 4277 quandoque
588 4219 688 4268 Latinos
706 4222 731 4267 in
748 4228 862 4282 prosodia
880 4241 903 4273 r.
922 4226 1058 4284 Romulus,
1075 4233 1104 4274 nt
1121 4230 1145 4274 in
1163 4225 1272 4276 Sironis
1286 4228 1325 4270 ret.
