2750 4744
46 315 91 377 At
113 333 179 377 non
203 313 383 393 squamoso
396 308 547 371 labuntur
573 312 684 371 ventre
706 304 871 382 cerastae,

108 415 192 476 Itala
213 411 373 494 portentis
396 432 455 473 nec
474 410 545 471 fluit
569 411 651 470 sanda
672 409 787 473 novis:

47 517 122 578 Nou
147 515 201 576 hic
223 514 451 577 Andromedae
474 522 627 573 resonant
647 531 710 591 pro
737 520 837 571 suatre
863 518 1010 582 catenae,

110 618 182 678 Nec
203 609 312 677 tremis
335 612 515 687 Ausonias,
539 613 673 676 Phoebe
696 612 825 694 fugate,
850 600 966 690 dapes:
1129 608 1170 669 30

48 718 118 779 Nec
141 717 288 800 cuiquam
312 717 458 776 absentes
482 725 629 775 arserunt
650 713 681 774 in
704 722 802 791 caput
823 710 933 793 ignee,

110 818 256 880 Exitium
281 828 356 879 nato
384 826 483 876 matre
505 826 655 877 movente
680 832 763 876 suo:
810 838 813 847 ·

47 920 194 983 Penthea
217 931 281 980 non
304 937 419 979 saevae
443 926 600 977 venantur
625 915 657 977 in
686 916 804 976 arbore
831 913 998 997 Bacchae3

109 1022 183 1082 Nec
204 1019 302 1083 solvit
329 1019 457 1081 Danaas
478 1016 602 1077 subdita
629 1035 726 1077 cerea
749 1025 858 1076 rates:
921 1008 924 1014 “

49 1119 185 1184 Cornua
209 1140 269 1182 noc
291 1118 392 1181 valuit
414 1138 550 1178 curvare
572 1117 604 1178 in
630 1116 743 1197 pellice
768 1116 852 1178 Iuno

109 1223 180 1284 Aut
200 1219 312 1282 faciem
336 1218 422 1298 turpi
445 1220 640 1280 dedecorare
663 1219 769 1280 hove:

47 1325 282 1405 Arboreasque
305 1337 416 1382 cerices
441 1318 523 1381 Sinis
545 1330 577 1380 et
599 1339 664 1382 non
685 1318 812 1400 hospita
836 1317 943 1381 Graiis

110 1426 197 1485 Saxa
220 1432 252 1484 et
273 1435 421 1484 curvatas
442 1419 474 1481 in
497 1440 553 1481 sua
574 1419 641 1481 fata
663 1420 784 1482 trabes.

47 1527 141 1588 Haec
162 1523 240 1598 tibi,
266 1523 380 1596 Tulle,
404 1542 538 1601 parens,
562 1521 647 1581 haec¹
664 1530 712 1581 est
732 1519 949 1600 pulcherrima
972 1522 1062 1583 sedes
1074 1563 1085 1597 ,

112 1627 179 1688 Hic
201 1622 259 1686 tibi
281 1646 345 1704 pro
368 1622 464 1706 digna
486 1631 582 1703 geute
603 1621 758 1701 petendus
781 1622 907 1695 honos,
1130 1622 1170 1682 10

48 1725 114 1788 Hic
137 1725 195 1787 tibi
217 1728 257 1787 ad
279 1723 443 1808 eloquium
466 1721 572 1795 cives,
596 1720 649 1782 hic
672 1721 774 1803 ampla
797 1731 949 1803 nepotum

113 1826 195 1906 Spes
216 1836 249 1887 et
272 1835 425 1887 venturae
447 1821 596 1905 coniugis
619 1834 711 1904 aptus
734 1843 836 1886 amor.

320 2008 400 2066 Lu.
424 1965 490 2067 iv}
515 2007 591 2084 (v.)
629 2004 813 2068 ueneni
835 2006 900 2068 x1.

47 2126 188 2202 Desine,
214 2124 346 2199 Paulle,
370 2144 474 2186 meum
496 2124 633 2185 lacrimis
655 2145 773 2207 urgere
795 2126 1000 2205 sepulcrum3

114 2226 276 2291 Panditur
299 2227 337 2287 ad
359 2226 460 2287 nullas
483 2223 576 2285 ianua
598 2224 692 2306 nigra
715 2242 842 2305 preces.

49 2329 159 2408 Quom
183 2327 281 2389 semel
301 2326 443 2388 infernae
466 2324 622 2386 intrarunt
643 2324 757 2393 itinera
779 2326 889 2408 leges,

114 2430 192 2491 Non
214 2437 350 2490 exorato
373 2436 456 2488 etant
479 2428 642 2487 adamante
665 2418 748 2488 riae.

18 2628 20 2633 ·
47 2608 115 2657 48st
153 2607 228 2651 Levis
260 2612 378 2664 crepante
417 2605 523 2665 lyrnpda
555 2606 642 2653 desilit
663 2607 737 2663 pede.
766 2609 880 2663 Propert.
911 2605 940 2662 3,
967 2607 1030 2654 28.:
1075 2609 1109 2655 Et
1139 2612 1175 2655 Ie-

45 2680 112 2723 oiter
130 2673 245 2735 lymphis
269 2682 319 2720 totu
344 2675 526 2731 crepitantibus
553 2674 633 2729 urbe;
663 2673 693 2731 l,
723 2675 773 2730 ll,
801 2673 843 2721 l.:
877 2674 910 2719 Et
936 2676 1005 2721 cudit
1030 2678 1058 2722 in
1071 2680 1175 2736 patulos

45 2743 157 2805 lympha
176 2744 274 2788 Aniene
292 2745 373 2788 locus.
434 2744 548 2788 Ceterum
565 2745 707 2802 intelligitur
723 2746 777 2789 tous
801 2744 921 2789 Iuturnae
943 2746 1010 2789 iuxta
1027 2744 1174 2800 Numicium,

45 2816 111 2869 apud
131 2827 203 2870 quem
222 2817 282 2856 teste
303 2815 357 2856 Val.
378 2813 444 2856 Max.
467 2811 499 2866 1,
532 2811 556 2856 8.
589 2827 659 2856 sunm
678 2826 839 2870 equorumque
859 2813 962 2867 (Cylleni
983 2814 1082 2870 Pollux)
1103 2815 1176 2858 sudo-

44 2898 102 2927 rem
128 2881 257 2924 abluerunt
277 2880 391 2925 Castores
415 2885 471 2935 post
495 2881 622 2924 victoriam
643 2881 673 2924 ab
692 2883 722 2926 h.
741 2881 868 2925 Postumio
894 2882 1011 2927 dictatore
1039 2884 1069 2926 ad
1096 2885 1175 2927 lacum

44 2951 173 3010 Regillum
187 2954 334 3004 reportatam
353 2963 376 2992 u.
397 2963 418 2993 e.
440 2945 500 2993 258.
565 2946 606 2994 30.
628 2946 669 2995 31.
690 2948 904 3008 εἰςιιίίὶωϊλΑενεί
931 2951 1014 3003 epulas
1040 2956 1064 2994 et
1081 2949 1177 2995 Melea·
1196 3006 1200 3013 ¹

43 3021 93 3079 gri
111 3020 223 3062 titionem
242 3018 272 3060 ab
285 3018 384 3061 Althaea
398 3018 556 3061 combustum.
596 3014 637 3065 37.
650 3016 804 3062 Arboreueoe
818 3017 917 3060 Lachm.
935 3018 998 3060 coni.
1014 3018 1076 3061 haud
1092 3031 1176 3062 neces·
1186 3018 1198 3053 ,t

44 3089 131 3143 saria3
152 3098 176 3129 r.
190 3086 295 3128 Huschls.
313 3086 342 3128 ad
356 3086 412 3128 Tib.
436 3084 460 3138 2,
482 3082 506 3139 l,
529 3083 570 3130 17.
590 3108 624 3118 -
642 3085 765 3144 Significat
782 3085 856 3128 Sinin
874 3084 977 3138 piuubus
996 3087 1102 3133 adductis
1126 3086 1177 3130 ria·

44 3162 117 3200 tores
137 3153 282 3211 adligantem
300 3154 432 3210 iisdemque
450 3155 560 3197 remissis
577 3155 723 3198 lacerantem
741 3159 766 3198 et
779 3152 911 3197 Scironem
928 3154 1047 3199 latronem
1067 3155 1175 3209 hospites

43 3239 59 3267 u
82 3223 193 3277 scopulis
215 3223 342 3276 (Seironiis
357 3224 381 3264 in
397 3220 485 3276 Attica)
504 3222 725 3276 praecipitantem,
740 3226 865 3276 utrumqne
885 3234 899 3262 a
924 3221 1020 3266 Theseo
1046 3223 1175 3267 devictum.

41 3307 67 3335 v.
89 3290 218 3335 Plutarch.
239 3291 312 3343 Thes.
332 3288 373 3334 10.
406 3287 448 3334 ll.
468 3289 515 3346 (cd
532 3290 657 3346 eloquium
675 3303 767 3345 cursus
786 3288 882 3347 quidam
895 3302 933 3343 ap.
948 3290 1071 3335 Passerat.
1089 3310 1122 3326 -
1142 3289 1178 3336 od

43 3375 67 3403 e.
88 3360 135 3402 viu
146 3355 207 3415 sert
224 3358 307 3401 Heius.
328 3356 363 3401 ud
379 3372 402 3401 e.
422 3359 489 3401 eires
510 3357 607 3412 Burin.)
627 3355 698 3402 Cives
720 3359 790 3402 scil.’'
809 3357 859 3413 qui*
874 3362 939 3400 tuam
958 3360 1118 3416 eloquentiam
1134 3361 1176 3402 ad-

42 3429 170 3472 mirentur
189 3435 295 3482 quosque
315 3431 355 3469 tua
374 3426 483 3471 facundia
501 3427 584 3470 iurare
602 3427 709 3480 possis.’'
727 3428 801 3471 Kuiu.

415 3550 470 3594 uu.
491 3526 611 3606 suavi)
641 3550 738 3596 nuno.
759 3551 806 3596 xi.

120 3636 147 3683 1.
167 3637 283 3680 Maritum
302 3638 430 3694 alloquitur
452 3636 566 3682 Cornelia
587 3642 641 3680 nata
658 3649 689 3680 ex
707 3637 736 3681 P.
758 3637 874 3682 Cornelio
897 3638 1009 3692 Scipione
1037 3638 1125 3683 Nasica
1153 3644 1177 3683 et

40 3705 196 3758 Scribonia,
225 3707 328 3765 secunda
355 3707 456 3762 coniuge
477 3705 578 3762 Augusti
603 3711 727 3760 matreque
752 3707 843 3759 duliae,
872 3706 959 3750 coniux
984 3707 1063 3751 Paulli
1079 3707 1177 3752 Aemilii

39 3774 153 3830 Lepidi,
172 3771 229 3829 (filii
246 3773 277 3817 L.
297 3766 393 3819 Aemilii
414 3774 507 3827 Paulli,
528 3773 634 3817 consulis
657 3773 713 3816 anui
740 3770 807 3827 tot,
836 3774 919 3818 fratris
938 3789 997 3819 vero
1022 3777 1059 3820 Μ.
1078 3776 1178 3821 Aemilii

38 3842 134 3897 Lepidi
161 3841 321 3894 triumvir-il*
347 3843 383 3886 De
400 3842 487 3887 Paullo
505 3842 609 3886 Aemilio
633 3841 725 3895 Lepido
744 3856 768 3885 v.
784 3842 859 3886 Dion.
886 3839 935 3897 ll,
964 3842 987 3888 6.
1009 3841 1051 3898 55,
1072 3841 1177 3888 &Vel-

40 3913 88 3956 lei.
111 3908 144 3961 2,
167 3907 210 3954 95.
229 3909 296 3952 Suet.
316 3909 379 3967 Aug.
402 3909 443 3954 1⁶.
461 3909 546 3954 Claud.
569 3908 611 3967 ld.
630 3909 753 3953 Perizouii
772 3910 899 3956 Animadr.
914 3912 970 3955 hist.
985 3926 1011 3966 p.
1026 3910 1085 3955 121.
1107 3924 1175 3967 seqq.

38 3980 105 4023 Fuit
123 3975 220 4022 Consul
235 3977 349 4021 suffectus
370 3993 393 4022 a.
419 3975 479 4023 720.
509 3979 606 4027 ultimus
634 3991 762 4021 censorum
788 3993 842 4022 cum
864 3979 894 4024 L.
914 3980 1023 4023 Munatio
1041 3980 1133 4022 Planco
1152 3991 1175 4020 a.

40 4045 109 4092 732.
161 4045 277 4089 Cornelia
294 4051 375 4091 autem
390 4051 536 4094 mortuaest
553 4061 576 4090 a.
599 4043 657 4090 738.
678 4046 788 4102 ineunte,
809 4061 857 4104 quo
873 4049 924 4091 eius
942 4048 1020 4090 frater
1036 4046 1067 4090 P.
1083 4045 1177 4088 Corne-

38 4117 94 4159 lius
115 4113 200 4167 Scipio
215 4115 299 4157 consul
318 4116 372 4159 fuit.
395 4136 424 4146 -
444 4146 457 4169 „
467 4116 544 4170 Saepe
560 4115 618 4159 mihi
637 4128 694 4168 prae
716 4115 827 4158 omnihus
845 4116 946 4170 reliquis
962 4113 1055 4158 Latinis
1073 4108 1177 4165 po'e'ma-

38 4186 75 4229 tis
103 4186 220 4239 quattuor
238 4183 365 4229 ediscenda
386 4184 493 4228 canusina
517 4183 691 4227 commendavit
712 4183 906 4236 Valckenarius,
934 4182 959 4223 iu
985 4179 1073 4234 quibus
1099 4178 1175 4230 ipsius
