2762 4762
61 377 256 462 Pallioloque
278 397 377 440 senex
399 385 501 439 oleato
522 397 558 440 se
578 377 739 460 proximat
761 375 828 455 illi,

111 479 173 544 cui
195 482 326 542 dederat
347 476 458 541 faciles
481 477 602 542 aurifer
624 479 723 542 aumis
745 499 846 561 opesa

59 582 113 645 Hie
134 601 264 665 quoque
286 578 375 663 plus,
400 579 521 663 inquil,
545 579 640 662 spatii
663 582 754 656 lero,
778 601 848 642 nain
872 602 940 646 mea
962 592 1062 666 porlo
1149 585 1170 648 ὁ

114 682 248 761 Omnia,
272 702 369 765 quum
391 691 491 745 restet
513 681 558 745 nil
570 681 660 759 libi,
686 681 830 760 Croeso,
855 680 916 747 lui.

577 819 632 884 93.

58 923 124 987 Non
147 942 210 1005 ego
232 918 359 985 feminei
381 941 487 984 mores
509 919 710 1002 Hipparchia
733 941 849 999 sexus,

115 1025 178 1086 Sed
200 1043 288 1086 mare
309 1043 378 1085 sum
399 1021 504 1087 fortes
526 1024 626 1086 eorde
647 1033 755 1089 secula
777 1043 887 1086 eones.

57 1125 126 1189 Non
148 1123 269 1206 placuit
290 1124 404 1205 pallam
426 1123 648 1206 subsit-ingens
671 1124 787 1197 fibula,
812 1145 876 1189 non
899 1145 957 1206 pes

114 1224 270 1300 Vinctus,
295 1235 326 1287 et
348 1223 517 1307 unguentis
539 1226 637 1287 oblita
662 1223 741 1288 villa
764 1224 851 1288 milii.

23 1334 27 1341 “
57 1327 117 1389 Sed
138 1326 270 1388 baculus
292 1323 430 1408 nudique
452 1326 569 1405 pedes,
593 1346 738 1409 quaeque
760 1328 893 1389 aestibus
915 1327 1027 1391 haeret
1150 1336 1169 1395 5

114 1425 264 1509 Diplois‚
286 1424 382 1511 inqaae
403 1427 510 1490 locum
532 1428 610 1489 deira
633 1427 746 1489 cubilis
769 1428 896 1491 humus.

56 1527 234 1591 Maenaliae
255 1537 375 1590 tantum
398 1526 508 1609 potior
529 1548 598 1590 mea
622 1527 685 1591 vila
710 1528 852 1609 puellae,
976 1552 979 1559 s

116 1629 246 1710 Quanto
270 1629 378 1693 venari
401 1648 495 1711 quam
517 1627 661 1711 sapuisse
683 1628 798 1693 ininius.

56 1869 160 1943 Pera,
183 1866 444 1944 necimmerito,
469 1889 554 1937 nilne
573 1869 650 1945 flet,
674 1890 796 1951 parque
819 1869 970 1935 Herculis
993 1871 1087 1934 annuis

119 1970 221 2035 Clava
243 1969 408 2053 Sinopilae
432 1970 569 2032 mas'eula
593 1970 768 2054 Diogenis,

55 2073 288 2154 Palliolumqne
311 2072 453 2153 duplex,
477 2071 637 2154 squallens
661 2092 725 2154 quo
749 2073 845 2135 sorde
867 2071 1024 2156 lutoque,

117 2174 185 2236 Sub
208 2171 311 2234 mediol
333 2175 446 2235 bresma
468 2192 531 2235 non
555 2172 643 2234 timet
665 2172 719 2235 ille
742 2171 846 2235 nives.

57 2274 182 2355 Quippe
204 2275 354 2337 humeros
377 2274 484 2336 velare
506 2285 578 2336 tuos
600 2275 716 2354 pudet:
738 2270 792 2334 ille
813 2294 971 2354 superous
1073 2332 1075 2339 ,
1151 2276 1170 2338 5

117 2377 261 2456 Quadam
283 2385 374 2456 parte
395 2374 499 2450 canis,
524 2385 559 2436 tu
580 2386 666 2437 satus
688 2374 719 2436 in
742 2373 864 2438 cinere.

58 2476 249 2540 Oenauleola
272 2475 418 2560 tibi-non
441 2474 662 2538 convenientia
684 2495 792 2557 pone:

118 2579 209 2659 Quae
231 2577 302 2656 leo,
327 2596 392 2641 non
414 2579 524 2641 eadem
546 2579 641 2641 debet
662 2578 781 2640 habere
803 2596 936 2661 caper..

60 2817 118 2881 Me
140 2815 208 2881 seio
231 2818 415 2894 mortalem,
430 2812 495 2881 'sed
518 2798 614 2901 qlaom
637 2814 801 2880 volventia
824 2816 915 2880 eaelo

119 2917 270 2982 Contuon
291 2918 386 3001 inque
408 2940 482 2981 suas
503 2929 589 2981 astra
612 2918 738 2999 relapsa
762 2917 851 2992 vias,

59 3017 131 3081 Nou
155 3019 238 3082 ultra
261 3020 394 3101 pedibus
416 3031 516 3103 tango
538 3018 624 3096 sola,
648 3021 704 3083 sed
726 3018 816 3082 lovis
838 3020 958 3102 hospes

73 3178 78 3186 .
120 3121 260 3184 Neelare
281 3119 411 3186 caelesti
432 3141 552 3203 pascor
572 3131 604 3183 et
626 3120 800 3184 ambrosia.

57 3357 131 3442 lpse
153 3380 263 3422 manias
286 3380 424 3442 panaces
446 3381 544 3424 sueeo
567 3359 624 3423 tibi
647 3357 802 3422 maximus
824 3359 917 3423 unxit

120 3462 334 3545 Phoebigena
358 3446 452 3546 atquae
476 3473 562 3525 artes
585 3460 713 3525 {radidit
734 3460 803 3543 ipse
825 3483 915 3535 suas,

59 3561 271 3646 Praxagoea‚
295 3563 428 3645 fixitque
451 3563 574 3627 animo:
599 3583 681 3645 qnos
704 3584 840 3645 namque
863 3563 994 3626 dolores

121 3662 331 3746 Corporibus
353 3664 454 3728 iebeis
477 3663 610 3749 gignere
632 3664 730 3747 longa
752 3662 853 3736 solet,
962 3747 966 3753 Ι

59 3765 102 3829 Et
124 3768 205 3827 bene
228 3765 422 3848 quaesentis
443 3777 604 3848 ponantur
625 3763 657 3828 io
681 3754 813 3826 annilius
836 3765 1025 3842 herbae,-
1159 3768 1179 3833 5
1259 3764 1263 3771 ’

120 3865 202 3946 Quis
225 3867 354 3951 liquor,
379 3889 396 3930 a
421 3866 486 3929 anili
508 3868 621 3929 doetus
644 3888 677 3929 es
700 3866 841 3948 Epione.
1169 3862 1172 3868 ’

62 3967 96 4030 Si
116 3968 231 4030 medici
253 3970 332 4031 tales
356 3968 445 4031 annulli
467 3968 654 4031 mortalibus
677 3979 805 4043 essent,

122 4070 219 4145 Non,
244 4080 278 4132 ul
300 4090 402 4145 nune,
427 4068 546 4132 iumbeis
568 4067 628 4132 iret
651 4080 764 4134 onusta
786 4069 878 4134 ralis.

129 4209 172 4259 95.
191 4210 217 4257 2.
236 4208 356 4275 Conluor]
375 4215 462 4271 Quidni
480 4212 616 4270 Suspicio?
