2736 4748
214 162 277 226 288

217 319 281 382 Sed
303 317 392 401 prim
414 316 568 381 aestivum
590 315 871 381 ramis'deicndite
893 318 995 382 solem
1051 351 1054 358 ·

277 422 322 483 Et
345 419 439 483 viridi
461 420 588 482 mollem
611 418 744 483 sternite
763 419 880 483 fronde
902 429 1023 483 torum.

214 520 289 584 Non
312 521 459 602 plumae,
483 540 546 583 non
569 520 654 603 picta
677 519 788 584 invant
809 541 859 583 ine
881 521 1046 604 stragula,
1069 540 1131 584 nee
1153 540 1233 604 qnae
1269 583 1275 591 ,
1302 519 1317 580 5

277 622 419 687 Pavonis
444 622 534 686 varie
557 625 678 704 sponda
701 623 814 685 celere
835 621 925 687 nitet.

212 726 322 805 Larga
345 735 499 787 coronata
523 722 682 805 disponite
703 724 821 804 pocula
845 744 973 802 menna,

276 824 385 887 Selino
407 836 439 889 et
461 825 580 908 gelidas
603 824 764 888 adsociate
786 825 898 888 nivet:

213 924 433 1007 Certatimque
455 925 545 988 leves
566 925 692 1007 potanti
713 925 852 988 inducite
875 947 1017 991 somnos.
1343 996 1344 1019 χ

276 1026 330 1089 Sic
351 1026 439 1090 iuvat
461 1027 574 1091 aetatis
597 1029 713 1090 ducere
736 1028 787 1090 fila
811 1049 910 1091 meae.
1285 1025 1317 1084 10

211 1129 264 1191 An
287 1129 403 1192 acinum
426 1128 549 1205 miseri,
575 1128 651 1212 quid
673 1130 729 1191 lux
751 1141 884 1192 ventura
907 1129 1069 1193 minetur?

275 1231 452 1294 Vivamus:
476 1242 611 1294 mortem
632 1231 749 1294 fallere
770 1252 864 1295 nemo
886 1241 1007 1314 potest.

252 1371 384 1433 CXIII·
426 1368 603 1436 Eimuem.
639 1371 681 1436 In
701 1370 832 1453 Orphei
852 1368 1066 1453 respicientis
1086 1368 1281 1452 imaginem.

683 1473 726 1534 t..
752 1472 784 1534 1.
808 1472 862 1534 69.

210 1572 287 1635 Hoc
307 1570 387 1649 init,
410 1571 542 1647 infelix,
565 1582 598 1635 et
619 1473 722 1636 edliuc
742 1574 806 1635 heu
829 1474 977 1654 reipieis,
1003 1571 1164 1652 Orpheu?

274 1675 370 1753 Quod
392 1684 445 1749 te,
469 1676 558 1755 qttod
579 1673 728 1738 miseram
751 1674 891 1755 perdidit
913 1674 1109 1754 Eurydicen.

273 1795 391 1859 CXIV
390 1836 400 1856 .
425 1793 605 1857 Eiusdem.
629 1796 684 1858 De
708 1797 839 1860 Venere
854 1806 887 1857 et
901 1795 1032 1858 Diana.
1055 1795 1115 1875 (L.
1140 1793 1171 1856 2.
1196 1793 1259 1868 11.)
1315 1762 1344 1837 'l

210 1904 366 1968 incultam
389 1902 545 1986 aspiciens
568 1903 657 1967 silvis
680 1903 839 1985 Cytheren
863 1904 1016 1966 Dianam

272 2004 359 2068 Risit
380 2015 433 2068 et:
457 2005 535 2078 „An
558 2007 668 2069 tendes
690 2004 768 2069 retia
792 2004 971 2085 aernper?”
995 2004 1050 2067 ait.

209 2103 274 2170 Cui
295 2106 366 2169 Dea
388 2118 495 2170 castae
519 2105 633 2180 ,‚Feris
655 2127 714 2170 cur
735 2128 800 2170 non
824 2128 888 2190 ego
910 2105 988 2169 retia
1011 2107 1159 2181 tendam,

275 2208 423 2270 Tendere
445 2208 471 2273 si
492 2206 600 2290 potnit
621 2207 673 2272 vir
694 2219 768 2271 tntis
789 2209 844 2271 illa
868 2206 972 2271 tihi?'’

250 2329 350 2394 CXV
350 2369 360 2389 ·
382 2327 560 2392 Eiusdem.
583 2330 626 2393 In
647 2329 822 2394 theatrum
841 2330 1069 2411 Campanum.
1092 2329 1150 2404 (L.
1173 2327 1204 2390 2.
1226 2326 1288 2403 ll.)

208 2435 339 2512 Dicite,
364 2435 513 2512 semidei,
537 2436 690 2502 silvarum
713 2439 857 2515 erimina,
881 2440 1005 2513 Panes,

271 2538 316 2599 Et
339 2535 366 2600 ei
387 2557 450 2620 qna
472 2539 611 2604 adventu
632 2561 666 2604 ea
688 2541 837 2623 Nympha
858 2539 968 2624 fugata
990 2559 1083 2604 men:

209 2636 273 2701 Cui
296 2636 383 2700 licuit
406 2648 509 2702 tantas
531 2660 684 2707 saxorum
706 2653 854 2706 evertere
877 2642 998 2715 meles,

272 2740 362 2819 Qum
383 2738 444 2802 iam
467 2739 614 2807 disiectae
637 2741 694 2806 vix
715 2764 847 2808 nemora
869 2744 931 2809 alta
949 2741 1090 2830 tegunt?
1142 2756 1144 2759 ·

207 2839 309 2904 Hisne
332 2840 406 2904 olim
428 2851 519 2909 strete
540 2854 589 2906 cst
609 2843 719 2906 cuneis
743 2844 906 2926 Campana
928 2843 1076 2908 inventus
1127 2896 1137 2914 „
1301 2840 1316 2901 5
1343 2906 1344 2935 ,

271 2941 562 3024 Amphitheatrales
584 2945 665 3008 laeta
689 2945 800 3009 videre
820 2944 937 3010 iocos?

207 3043 304 3106 Nunc
325 3042 380 3105 ubi
402 3054 452 3107 tot
472 3044 665 3128 plantusque
686 3045 848 3110 hominum
872 3067 1034 3130 vocesque
1055 3066 1208 3122 canorae,

273 3146 341 3207 Tot
363 3143 470 3222 risus,
494 3146 627 3210 tetiam
650 3147 784 3230 gaudia,
808 3158 858 3212 tot
879 3146 1002 3210 iacies?

206 3243 352 3322 Scilicet,
376 3247 439 3308 heu
460 3244 519 3309 sati
540 3248 650 3330 leges!
671 3250 756 3330 rapit
778 3248 882 3312 omnia
907 3260 1050 3329 tempus,

270 3347 316 3410 Et
338 3366 418 3428 qnae
439 3347 633 3426 sustulerat,
657 3347 805 3431 deprimit
826 3349 894 3430 ipsa
918 3351 996 3413 dies.
1282 3348 1318 3407 10

261 3468 390 3533 CXVI·
426 3467 606 3534 Einedem.
642 3472 684 3535 In
706 3471 877 3532 tremulum
899 3471 1020 3533 cottae
1044 3467 1262 3534 Veronensis,

664 3571 723 3647 (L.
747 3570 779 3633 2.
803 3570 871 3650 45.)

208 3668 367 3749 Sperabat
390 3669 465 3746 tibi,
489 3673 601 3749 docta,
626 3659 940 3751 novum‚‘Verona‚
965 3670 1146 3737 Catulinma

270 3771 417 3851 Expecta
439 3792 474 3834 ee
495 3774 595 3838 duros
616 3773 667 3837 bis
690 3773 814 3837 viduata
838 3776 929 3839 deos.
1069 3772 1073 3779 ’

206 3870 304 3934 Nulla
327 3871 463 3934 animum
485 3875 622 3955 posthac
643 3896 696 3938 rea
719 3874 840 3958 erigat,
867 3876 987 3955 optima
1009 3877 1138 3959 quando

270 3971 380 4039 Prima
402 3973 486 4052 rapit
508 3974 604 4039 celeri
627 3977 731 4041 Parca
752 3974 879 4040 inimica
901 3987 1008 4039 manu.
1057 4038 1063 4045 ,

208 4069 299 4148 Quae
322 4081 423 4129 tamen
446 4082 482 4129 ut
504 4069 583 4131 vidit
605 4074 767 4145 morientis
789 4075 906 4161 frigida
929 4076 1047 4147 Cottae

273 4169 360 4240 Ora,
385 4187 475 4227 suum
497 4167 580 4229 lassa
603 4182 652 4243 eet
672 4172 791 4247 crimen
814 4186 845 4239 et
868 4177 1008 4241 erubuit.
1057 4244 1063 4253 ‚
