2762 4760
29 331 222 419 Feminaque
243 343 279 396 ut
301 330 443 397 maribus
463 330 617 417 coniungi
638 333 758 416 possit,
779 334 901 400 habere

30 437 161 511 Mutua,
185 437 241 520 qui
263 446 392 499 nectant
412 433 497 498 inter
517 455 551 499 se
576 435 692 519 gaudia
713 448 861 523 uterque.

87 537 261 620 Multaque
275 548 342 600 tum
359 535 519 601 interiisse
542 537 732 601 animantum
755 539 841 603 secla
862 550 1023 605 necessest

28 642 94 703 Nec
115 639 260 722 potuisse
281 642 495 723 propagando
517 643 700 722 procudere
720 642 859 723 prolem.

28 743 106 805 Nam
125 763 372 827 quaequomque
391 740 479 805 vides
500 740 588 804 vesci
609 741 759 805 vitalibus
783 743 884 818 auris,
1083 744 1145 807 855

29 844 92 906 Aut
112 845 208 909 dolus
230 856 284 907 aut
307 844 411 907 virtus
432 854 486 925 aut¹
511 844 648 930 denique
669 843 830 908 mobilitas
853 855 902 908 est

29 947 79 1009 Ex
96 944 226 1010 ineunte
244 968 326 1010 aevo
351 967 450 1029 genus
470 945 504 1009 id
524 957 625 1009 tutata
644 968 826 1010 reservans.

30 1046 198 1132 Multaque
219 1060 306 1124 sunt,
329 1047 427 1112 nobis
445 1069 487 1112 ex
506 1048 641 1112 utilitate
660 1070 716 1111 sua
740 1070 822 1133 quae

30 1149 257 1214 Commendata
275 1161 418 1225 manent,
441 1150 558 1214 tutelae
579 1149 696 1212 tradita
718 1160 862 1216 nostrae.

86 1250 280 1334 Principio,
305 1274 404 1337 genus
423 1273 499 1316 acre
516 1252 645 1316 leonum
667 1273 826 1337 saevaque
850 1253 936 1317 secla
1085 1254 1149 1316 860

31 1356 143 1417 Tutata
161 1366 210 1417 est
230 1352 350 1429 virtus,
374 1353 501 1436 volpeis
524 1354 616 1418 dolus
637 1366 668 1417 et
684 1355 763 1439 fuga
784 1377 915 1420 cervos.

31 1458 72 1519 At
91 1455 271 1520 levisomna
294 1477 406 1519 cenum
426 1457 494 1520 fido
518 1478 589 1519 eum
611 1468 747 1539 pectore
771 1461 870 1522 corda

30 1559 72 1620 Et
92 1579 192 1642 genus
217 1579 329 1634 omne,
352 1561 441 1644 quod
460 1568 509 1622 est
532 1558 679 1623 veterino
701 1558 820 1624 semine
842 1572 985 1641 partum,

30 1658 271 1744 Lanigeraeque
292 1658 385 1723 simul
406 1663 545 1742 pecudes
567 1671 598 1723 et
619 1663 738 1724 bucera
762 1662 864 1737 secla,

32 1761 142 1825 Omnia
164 1773 237 1824 sunt
257 1761 423 1826 hominum
441 1761 559 1825 tutelae
582 1762 715 1839 tradita,
740 1764 889 1827 Memmi.
1065 1766 1148 1828 ‘865

30 1863 110 1925 Nam
123 1858 248 1946 'cupide
269 1864 386 1948 fugere
407 1864 494 1927 seras
515 1886 690 1950 pacemque
710 1877 861 1952 sequutae

33 1966 107 2026 Sunt
126 1977 157 2028 et
179 1966 272 2050 larga
295 1988 354 2030 suo
378 1966 444 2030 sine
467 1967 584 2049 pabula
605 1978 699 2049 parta
719 1967 852 2043 labore,
954 1996 1004 2055 ..ts
1042 2018 1051 2030 .

33 2065 117 2145 Quae
136 2070 245 2130 damus
267 2066 414 2132 utilitatis
436 2090 548 2133 eorum
570 2069 713 2151 praemia
738 2090 860 2133 caussa.

32 2170 87 2242 At,
109 2168 202 2252 queis
223 2169 270 2231 nil
291 2171 407 2234 borum
430 2170 544 2234 tribuit
566 2182 697 2246 natura,
721 2193 823 2258 neque
846 2170 916 2253 ipsa

34 2270 148 2351 Sponte
170 2293 228 2334 sua
249 2284 382 2354 possent
405 2284 439 2334 ut
461 2273 573 2336 vivere
593 2293 652 2336 nec
675 2275 751 2336 dare
772 2273 868 2338 nobis
1089 2276 1152 2336 870

33 2369 206 2438 Utilitatem
227 2373 382 2459 aliquam,
409 2396 509 2460 quare
533 2385 717 2457 pateremur
740 2395 852 2438 eorum

32 2473 197 2540 Praesidio
218 2487 333 2541 nostro
355 2475 445 2559 pasci
467 2498 567 2562 genus
593 2497 724 2562 esseque
744 2488 864 2554 tntum,

32 2575 157 2664 Scilicet
177 2580 259 2642 haec
281 2578 351 2642 aliis
372 2581 510 2662 praedae
532 2579 689 2663 lucroque
707 2578 855 2643 iacebant

32 2677 219 2762 Indupedita
237 2679 302 2744 suis
324 2680 476 2745 fatalibus
495 2680 601 2747 omnia
623 2679 756 2760 vinclis,

32 2777 141 2846 Donec
161 2785 205 2846 ad
223 2781 387 2847 interitum
410 2805 509 2868 genus
529 2783 565 2847 id
576 2784 709 2846 Natura
731 2783 872 2868 redegit.
1088 2786 1150 2849 875

91 2883 154 2949 Sed
176 2906 280 2972 neque
302 2884 478 2952 Centaurei
499 2885 629 2950 fuerunt
650 2907 710 2951 nec
729 2897 877 2970 tempore
899 2890 932 2951 in
955 2886 1021 2952 ullo

32 3134 172 3178 catervatim
190 3132 299 3180 Ludunt.
337 3131 398 3179 848.
425 3132 583 3191 procudere,
604 3137 709 3193 quode.
730 3130 791 3179 854.
811 3135 919 3178 estsine
938 3136 1151 3179 controversistae

31 3208 122 3258 propter
132 3205 188 3265 boc
206 3205 299 3260 ipsunt,
320 3208 346 3248 ut
363 3205 510 3249 devitaretur
528 3206 610 3260 inepta
628 3209 652 3250 et
665 3204 773 3261 quaesita
784 3203 888 3249 varietas
896 3233 904 3257 ,
924 3195 963 3246 bic
975 3215 1068 3260 quoqne
1081 3216 1150 3258 prae·

31 3270 147 3318 ferendum
157 3279 221 3330 erat,
234 3274 322 3317 babent
331 3273 376 3317 ct.
383 3271 422 3322 Ω.
430 3273 459 3321 L.
468 3274 498 3319 ll.
508 3272 713 3331 —proeeludere
723 3273 753 3317 G.
761 3273 792 3317 L.
801 3270 981 3329 -producere
988 3272 1057 3318 Brix.
1067 3272 1112 3321 Ar.
1119 3273 1150 3318 P.

33 3340 70 3385 W.
80 3343 108 3388 tt.
145 3341 208 3391 850.
228 3343 342 3398 semina,
362 3357 425 3402 quac
439 3343 562 3388 Basso.
576 3357 609 3387 m.
623 3344 669 3389 Av.
679 3342 710 3386 P.
721 3343 796 3387 Walt.
817 3365 849 3376 -
867 3355 916 3401 pue
931 3342 960 3387 C.
978 3342 1040 3386 ΕΛ
1055 3356 1094 3399 pr.
1114 3357 1150 3388 tn.

32 3408 86 3456 Edi.
96 3418 153 3458 vett.
163 3414 197 3460 A.
208 3412 238 3458 L.
250 3414 281 3458 ll.
319 3409 379 3458 852.
393 3410 445 3471 qui]
459 3416 492 3456 ita
501 3414 617 3458 meliores
630 3412 718 3467 coum,
733 3412 806 3456 etiam
814 3411 843 3456 C.
855 3412 887 3457 E.
896 3412 958 3457 Edd.
967 3416 1026 3457 vett.
1037 3434 1070 3446 —
1080 3413 1152 3471 queis

33 3478 102 3526 Codd.
118 3480 143 3531 3.
159 3484 206 3529 At.
223 3484 282 3527 illud
298 3484 409 3538 praetuli.
455 3483 492 3527 lb.
518 3488 626 3526 metuent
646 3483 723 3529 Codd.
745 3480 769 3527 l'.
789 3482 820 3525 Ε.
843 3481 889 3529 Ed.
909 3484 968 3526 vett.
988 3486 1100 3526 manunt
1118 3477 1151 3530 Δ.

34 3555 136 3597 metuont
150 3550 188 3601 Π.
213 3558 326 3597 mutuent
341 3552 371 3596 G.
398 3557 497 3596 nectent
508 3551 553 3596 Av.
564 3553 595 3597 P.
619 3551 763 3597 nectentA.
777 3551 806 3595 L.
819 3551 850 3595 ll.
860 3551 953 3595 Eicbst.
974 3555 1095 3595 tnetsrent
1107 3552 1149 3595 W.

33 3620 90 3668 conl.
109 3624 211 3681 ideoque
223 3628 248 3669 et
261 3637 284 3668 v.
298 3623 454 3678 praecedente
470 3626 554 3666 contra
571 3622 648 3667 Godd.
667 3621 765 3675 scripsit
777 3625 873 3677 poscet.
912 3620 949 3664 lb.
967 3625 1070 3679 uterquc
1083 3620 1151 3664 Libri

31 3701 118 3739 omues.
133 3692 196 3737 Edd.
210 3696 268 3737 vett.
283 3693 312 3736 Α.
333 3692 445 3750 utrisque
460 3691 490 3736 L.
503 3692 533 3735 ll.
583 3688 643 3736 857.
663 3692 798 3735 construe:
819 3689 961 3743 „mobilitas
981 3695 1018 3734 cst
1035 3694 1109 3734 tutata
1128 3692 1152 3735 iel

32 3770 115 3815 genus,
135 3763 199 3807 idern
217 3774 360 3814 reservans,
380 3762 414 3805 ita
432 3765 458 3804 ut
474 3762 539 3805 idem
557 3760 739 3805 conservaret.''
776 3757 835 3804 861.
855 3759 919 3804 etE.
931 3773 1004 3804 esee.
1015 3773 1049 3804 m.
1061 3760 1150 3808 ltu-fl.

34 3840 47 3869 tt
56 3824 123 3890 segc
138 3832 169 3877 Ε.
180 3845 242 3885 apr.
254 3845 287 3875 m.
308 3831 358 3876 Nee
373 3835 450 3876 tamen
468 3835 566 3885 propter
583 3843 650 3886 seqq.
671 3828 703 3874 At
713 3828 852 3873 levisomna
867 3829 892 3873 b.
908 3830 925 3873 l.
943 3829 1051 3874 scribere
1068 3843 1152 3884 possu-

34 3905 130 3949 musel.
152 3922 181 3933 -
202 3905 228 3945 ot
241 3900 270 3944 C.
284 3901 339 3944 ΑΜ.
352 3901 394 3945 W.
443 3896 503 3944 866.
523 3903 609 3942 secute
628 3897 657 3941 L.
674 3900 754 3942 Bentl.
800 3895 860 3944 872.
880 3899 944 3945 Male
963 3899 987 3942 iu
1006 3898 1068 3943 Edd.
1085 3900 1151 3956 vulg.

34 3966 100 4012 etiam
111 3971 134 4014 iu
147 3970 248 4028 Forbig.
262 3971 360 4024 ponitur
372 3971 468 4028 signum
481 3969 601 4025 interrog.
616 3973 669 4022 post
681 3982 705 4013 v.
719 3974 807 4013 tntum.
835 3968 890 4025 lina
908 3970 961 4015 scil.
983 3972 1020 4012 est
1038 3967 1153 4022 periodus

34 4032 74 4090 Al,
92 4039 161 4096 queis
180 4065 189 4076 ·
208 4065 218 4075 ·
238 4065 247 4076 ·
265 4037 365 4083 Natura
383 4037 499 4097 redegit:
518 4041 542 4081 et
559 4050 637 4096 quaro
656 4053 702 4082 uon
722 4043 760 4082 est
778 4039 861 4092 partic.
882 4037 1018 4093 interrog„
1037 4037 1080 4080 sed
1096 4049 1162 4080 cau--

37 4106 102 4161 salis,
128 4123 220 4167 „quum
239 4108 270 4152 ob
289 4122 401 4163 causam,
422 4112 521 4163 propter
540 4120 610 4164 qnam
629 4108 781 4153 utilitatenr.”
834 4104 894 4150 876.
908 4103 1018 4163 suerunt
1036 4105 1060 4156 (e
1072 4103 1150 4155 brevi)

37 4173 90 4224 Cdd.
104 4178 188 4237 pleriq.
216 4178 312 4237 Vulgo,
338 4180 412 4224 etiam
433 4177 525 4222 Eicbst.
547 4178 623 4222 Forb.
653 4200 682 4215 α-
704 4174 814 4234 suerent
838 4175 867 4220 C.
881 4174 912 4223 E.
926 4174 988 4219 nte.
1002 4177 1061 4217 vett.
1075 4174 1149 4217 Walt.
