2762 4760
32 395 67 455 Id
86 415 207 455 rursum
228 393 310 456 caeli
328 392 461 455 relatum
478 389 601 472 'templa
620 400 804 471 receptant:

32 497 95 558 Nec
116 496 161 557 sic
183 494 336 558 interimit
358 516 444 558 mors
464 515 534 567 res,
557 504 591 555 ut
612 492 754 556 materiai

33 598 177 679 Corpora
202 598 368 674 conficiat,
393 600 448 659 sed
469 607 594 659 coetum
618 595 758 677 dissupat
781 592 873 658 ollis:

31 702 104 762 lnde
124 699 194 762 aliis
217 701 303 762 aliud
326 697 492 781 coniungit
514 709 545 762 et
566 697 676 773 efficit,
701 719 808 760 omnes

31 805 92 866 Res
113 803 156 864 ita
180 812 373 866 convortant
394 802 516 865 formas
538 811 720 886 mutentque
742 800 871 863 colores
1054 803 1133 864 1005

31 907 70 967 Et
87 904 212 985 capiant
229 926 336 967 seusus
354 915 384 967 et
404 914 524 985 puncto
545 914 691 984 tempore
711 905 865 977 reddant3

31 1009 72 1070 Ut
91 1029 205 1070 noscas
225 1005 362 1081 referre,
387 1009 494 1068 eadem
516 1005 694 1087 primordia
716 1027 822 1068 rerum

32 1109 107 1172 Cum
129 1109 247 1193 quibus
269 1119 299 1170 et
321 1107 406 1192 quali
426 1107 569 1189 positura
592 1108 814 1171 contineantur

30 1215 70 1273 Et
91 1234 172 1295 quos
194 1211 278 1273 inter
300 1233 333 1273 se
358 1214 431 1273 dent
452 1221 555 1273 motus
575 1209 815 1295 accipiantque:

31 1315 114 1376 Neve
136 1325 228 1394 putes
251 1323 376 1374 aeterna
397 1334 508 1393 parum
528 1311 669 1376 residere
691 1324 819 1395 potesse
1054 1318 1135 1377 1010

31 1416 179 1497 Corpora
201 1415 320 1497 prima,
344 1419 432 1500 quod
452 1414 485 1476 in
507 1413 634 1477 summis
656 1414 782 1478 fluitare
804 1415 944 1479 videmus

31 1521 134 1581 Rebus
155 1530 187 1580 et
209 1517 366 1580 interdum
390 1517 480 1580 nasci
502 1516 671 1600 subitoque
690 1516 815 1599 perire:

32 1619 224 1698 Quinetiam
247 1621 348 1683 refert
371 1619 490 1683 nostris
512 1619 545 1681 in
568 1620 712 1682 versibus
734 1619 829 1701 ipsis,

32 1722 106 1786 Cum
129 1723 245 1807 quibus
265 1734 296 1784 et
318 1723 403 1806 quali
425 1723 486 1785 sint
508 1721 620 1786 ordine
641 1744 784 1808 quaeque
806 1723 930 1788 locata:

32 1827 170 1910 Namque
194 1829 301 1888 eadem
325 1826 462 1900 caelum,
486 1848 587 1901 mare,
609 1837 727 1904 terras,
749 1827 894 1904 flumina,
919 1829 1017 1892 solem
1053 1833 1132 1895 1015

33 1926 229 2009 Significant,
254 1931 361 1990 eadem
380 1929 507 2011 fruges,
530 1931 675 2004 arbusta,
699 1928 901 2005 animanteis;

33 2030 145 2092 Sinon
168 2030 276 2093 omnia
299 2031 375 2105 sint,
399 2042 430 2092 at
452 2032 550 2095 multo
574 2054 719 2094 maxuma
741 2054 816 2113 pars
835 2044 882 2094 est

33 2132 229 2206 Consimilis3
257 2155 367 2196 verum
388 2132 533 2215 positura
555 2133 762 2216 discrepitant
782 2156 846 2198 res.

33 2234 83 2296 Sic
100 2234 177 2317 ipsis
200 2235 232 2298 in
254 2237 349 2298 rebus
368 2235 442 2298 item
464 2236 525 2298 iam
547 2236 689 2300 materiai

33 2337 217 2412 Intervalla,
241 2336 327 2414 viae,
351 2361 529 2414 connexus,
553 2342 715 2420 pondera,
738 2341 873 2424 plagae,
1056 2345 1135 2406 loto

32 2439 230 2515 Concursus,
255 2451 374 2516 motus,
399 2444 499 2516 ordo,
522 2440 684 2523 positura,
706 2443 829 2526 figurae

30 2543 130 2620 Quom
153 2553 390 2624 permutantur,
415 2543 530 2606 mutari
552 2527 604 2606 res
626 2566 755 2630 quoque
777 2547 905 2607 debent.

87 2649 183 2708 Nunc
202 2644 338 2707 animum
357 2643 451 2709 nobis
472 2646 587 2709 adhibe
609 2669 717 2709 veram
740 2651 779 2709 ad
797 2647 965 2711 rationem.

29 2751 105 2810 Nam
125 2748 189 2811 tibi
210 2750 412 2811 vehementer
434 2771 520 2812 nova
541 2771 593 2812 res
615 2749 747 2813 molitur
766 2754 806 2812 ad
826 2750 930 2814 aureis

27 2850 237 2922 Accidereet
258 2873 343 2914 nova
365 2873 397 2914 se
420 2851 542 2934 species
565 2855 732 2915 ostendere
752 2875 871 2917 rerum.
1054 2857 1134 2917 1005

28 2956 86 3015 Sed
105 2976 210 3039 neque
232 2965 295 3016 tam
316 2953 420 3017 facilis
438 2976 489 3017 res
511 2953 619 3029 ullast,
642 2955 718 3039 quin
741 2978 776 3018 ea
799 2955 932 3037 primum

28 3056 172 3120 Difficilis
194 3056 293 3140 magis
317 3061 357 3119 ad
378 3060 570 3119 credundum
593 3069 734 3132 constet;
756 3059 894 3142 itemque

28 3159 80 3220 Nil
98 3163 181 3222 adeo
202 3181 348 3242 maguum
367 3181 467 3244 neque
485 3171 546 3221 tam
570 3159 714 3223 mirabile
736 3160 924 3244 quidquam,

29 3260 121 3339 Quod
141 3282 207 3324 oon
230 3260 390 3342 paullatim
413 3261 552 3324 minuant
572 3260 718 3342 mirarier
741 3283 863 3325 omues.

87 3361 258 3443 Principio
286 3361 365 3425 caeli
386 3363 505 3426 clarum
524 3350 701 3449 purumque
722 3363 884 3441 colorem,
1056 3367 1137 3428 1030

29 3463 191 3549 Quemque
212 3463 245 3525 in
266 3487 299 3527 se
323 3464 475 3528 cohibent
495 3466 633 3548 palantia
652 3465 757 3531 sidera
778 3468 909 3550 passim,

28 3621 128 3663 restituit
146 3619 187 3662 W.
217 3618 322 3662 Dubium
341 3626 448 3664 remanet
463 3626 540 3664 ulrum
561 3620 679 3680 liquentis
701 3619 742 3679 (G.
762 3621 790 3665 E.
803 3622 870 3675 Alii.)
888 3625 962 3679 genit.
983 3624 1014 3667 sit
1031 3627 1133 3682 singul..

27 3703 148 3733 araceus.
170 3691 232 3743 plur.
264 3690 314 3733 lloc
329 3690 439 3746 equidem
454 3691 578 3753 praefero:
599 3696 684 3749 gattos
702 3692 834 3749 liquentes.
877 3688 952 3736 1005.
973 3699 998 3736 ut
1016 3708 1083 3738 cono.
1105 3696 1134 3738 C.

27 3757 194 3803 Ena-ti.
233 3755 308 3803 1007.
329 3759 388 3802 Cdd.
404 3757 427 3804 5.
444 3761 539 3804 Wakel.
554 3761 618 3804 etC.
632 3760 693 3803 Edd.
707 3764 782 3804 reth:
804 3778 837 3790 -
854 3773 956 3814 corum,
976 3764 1046 3818 prob.
1061 3765 1133 3807 Wal.

29 3827 114 3872 Contra
127 3826 214 3870 eadem
227 3829 286 3871 Har.
302 3828 331 3871 H.
340 3830 382 3873 W.
396 3830 464 3886 idque
477 3828 557 3873 firmat
569 3831 612 3873 Cd.
621 3829 651 3873 E.
673 3826 748 3873 1010.
758 3841 838 3886 penes
851 3829 926 3875 Codd.
939 3830 979 3889 (C.
989 3833 1030 3887 E.)
1042 3839 1065 3876 et
1074 3832 1134 3876 Edd.

29 3903 81 3941 vett.
95 3898 125 3940 L.
140 3898 169 3943 H.
194 3921 222 3930 ·-
237 3911 330 3953 purum
348 3897 387 3942 Pii
406 3899 481 3944 Codd.
501 3901 531 3944 Α.
550 3901 592 3947 W.
612 3900 629 3942 i.
651 3913 673 3943 c.
693 3912 770 3951 „neve
788 3903 870 3954 putes,
891 3901 944 3945 ideo
964 3905 1025 3958 quod
1044 3907 1136 3945 atomos

29 3965 50 4008 in
67 3968 165 4010 sommis
183 3968 257 4011 rebus
269 3967 362 4011 fluitare
375 3968 495 4022 videmus,
517 3970 613 4012 minima
631 3973 741 4013 aeternas
759 3982 855 4013 manera
874 3983 914 4013 eas
933 3984 1003 4024 posse
1022 3976 1045 4015 et
1063 3971 1136 4013 inter-

29 4038 80 4078 dum
98 4037 164 4080 nasci
183 4051 210 4080 ac
228 4037 307 4080 subito
327 4038 433 4091 perire.'’
470 4035 546 4083 1013.
566 4037 670 4098 Quando
689 4038 764 4082 codd.
780 4036 804 4082 2.
821 4038 866 4082 Ed.
879 4043 935 4082 vett.
954 4053 1028 4096 usque
1046 4040 1074 4081 ad
1091 4040 1134 4082 Αν.

32 4102 102 4149 1018.
123 4104 184 4148 hoec
203 4106 232 4149 L.
253 4107 282 4150 Η.
299 4111 382 4150 contra
398 4107 457 4160 Cdd.
507 4105 581 4152 1021.
602 4105 755 4152 oelternenter
773 4109 849 4152 tribus
866 4107 964 4157 syllabis
983 4108 1137 4162 pronuntian-

31 4174 95 4234 dum,
115 4180 140 4219 ut
157 4176 180 4219 in
198 4176 258 4221 Cod.
273 4177 362 4221 Medic.
377 4177 428 4221 Cic.
448 4177 509 4232 Epp.
526 4178 554 4220 ad
571 4178 638 4222 Fam.
659 4179 709 4222 lere
725 4190 818 4232 semper
837 4176 951 4220 scribitur
970 4188 1084 4228 remens,
1098 4189 1138 4218 ee-

31 4249 130 4289 menter.
185 4243 261 4291 1029.
282 4244 426 4305 Principio,
457 4244 523 4307 quod
540 4260 588 4293 non
607 4248 721 4293 mr'nucott
742 4245 862 4289 mirarier
881 4257 967 4288 omnes
984 4244 1137 4295 Purtllotr'rn3

32 4314 135 4357 utcoelr'
150 4315 178 4358 L.
202 4316 313 4361 coni..ll.
