2762 4762
197 229 261 295 ³52

197 387 255 450 Ex
273 406 339 471 qtto
362 382 539 448 Thessalici
561 382 728 459 subierunt
751 402 891 465 aequora
914 381 1010 457 remi,

198 490 295 567 Quod
317 487 495 561 nullaene,
518 497 608 560 nata,
634 488 750 564 dapes,
775 506 838 546 non
863 484 924 544 ulla
947 483 1099 547 iuvabant
1123 535 1129 548 .

118 578 120 581 ⁵
198 589 378 673 Tegmina?
400 608 464 652 non
486 588 568 649 rullus
589 587 650 648 tibi
672 597 737 648 tum
759 587 875 659 color,
898 606 1059 668 aegraque
1082 586 1184 647 verha

196 693 414 774 Errantesque
435 710 536 772 genae
558 692 654 771 atque
676 689 779 751 alieno
802 687 917 770 gaudia
941 688 1032 749 voltu
1166 768 1169 777 γ
1259 689 1327 750 180

196 794 331 872 Semper
351 790 467 854 erant?
489 789 560 853 Cur
581 801 669 852 tanta
692 791 768 852 mihi
791 811 855 853 nou
877 789 1006 871 prodita
1030 786 1149 869 pestis,
1211 848 1215 852 .

196 894 242 958 Ut
264 915 364 976 gener
385 892 563 958 Aesonides
586 904 695 955 nostra
719 893 898 955 consideret
921 893 991 953 aula
1179 875 1182 881 ¹

195 996 267 1058 Nec
289 996 380 1057 talem
402 1005 551 1076 paterere
568 991 711 1076 fugam?
733 991 912 1057 Commune
924 993 1047 1055 ‘luisset

195 1098 266 1162 Aut
287 1107 374 1160 certe
396 1107 472 1159 tune
494 1117 588 1160 omne
610 1097 721 1158 nefas:
746 1094 865 1157 ireunus
887 1105 920 1157 et
941 1097 1052 1157 ambae

194 1200 233 1263 In
256 1219 459 1282 quascunque
481 1198 567 1272 vias3
590 1199 711 1279 pariter
733 1197 863 1278 petiisse
885 1196 1012 1259 iuvaret
1256 1197 1324 1260 185

196 1299 395 1377 Thessaliam
418 1311 450 1362 et
470 1298 577 1373 saevi,
601 1319 811 1381 quaecunque
835 1310 901 1374 est,
925 1296 1061 1378 hospitis
1084 1296 1231 1360 urbetu.”

195 1401 254 1483 Sic
271 1401 411 1483 genitrix
433 1400 588 1483 similique
610 1399 719 1482 implet
741 1421 838 1463 soror
861 1399 965 1463 omnia
989 1411 1105 1483 questu

195 1502 394 1575 Exululans;
417 1502 553 1564 lantulae
576 1501 696 1582 pariter
717 1503 860 1564 clamore
883 1520 1034 1581 supremo

192 1604 233 1667 In
255 1624 375 1667 vacttos
397 1606 472 1666 dant
494 1605 592 1666 verba
615 1604 721 1666 Notos
743 1602 966 1684 dominamque
989 1602 1162 1664 reclamant

193 1703 353 1769 Nomine:
377 1715 409 1767 te
431 1704 518 1768 venti
540 1706 657 1786 procul
679 1716 710 1767 et
732 1714 785 1767 tua
806 1703 871 1766 lata
893 1704 1054 1766 serebant.
1257 1704 1323 1767 19⁰

523 1875 572 1942 'C.
597 1880 732 1942 SILII
753 1876 977 1941 ITALICI

426 2009 648 2073 Punicorum
671 2009 750 2070 Lm.
773 2005 803 2069 Ι.
829 2029 861 2069 v.
884 2006 1058 2070 81-tsst.
1135 2058 1139 2063 .

489 2114 710 2182 ‘Hannibalis
737 2129 1006 2181 sacramentum.

192 2230 282 2294 Urbe
304 2227 366 2291 fuit
387 2226 487 2291 media
510 2248 633 2290 sacrum
657 2226 821 2311 genitricis
846 2228 973 2290 Elissae

192 2330 349 2393 Manibus
370 2341 402 2393 et
423 2329 527 2410 patria
551 2328 660 2410 Tyriis
681 2328 851 2393 formidine
874 2332 1011 2404 cultum,
1112 2392 1118 2397 .

193 2432 289 2509 Quod
311 2429 377 2494 taxi
399 2429 519 2493 circum
541 2441 572 2493 et
594 2430 705 2511 piceae
729 2429 947 2512 squalentibus
969 2427 1090 2494 timbris

189 2531 393 2596 Abdiderant
414 2530 558 2612 caelique
581 2533 733 2593 arcebant
755 2531 872 2594 lumine
893 2533 1058 2614 templum.

192 2633 270 2695 Hoc
290 2652 361 2694 sese
383 2632 431 2710 (ut
453 2631 635 2712 perhibent)
657 2632 741 2695 curis
765 2632 952 2696 mortalibus
975 2633 1051 2696 olim
1129 2656 1133 2662 ·
1274 2636 1316 2698 85

190 2735 335 2798 Exuet-at
356 2730 470 2816 regina
491 2733 597 2796 locor
625 2734 718 2799 Stant
739 2754 898 2797 marmore
920 2746 1042 2800 maesto

189 2832 340 2916 Effigies,
366 2833 528 2918 Belusque
550 2855 666 2920 parens
689 2835 855 2919 omnisque
877 2824 1031 2918 nepotum

189 2937 223 2999 A
244 2936 328 2999 Belo
350 2933 558 2998 serviesunt
580 2936 683 3019 gloria
707 2939 809 3021 gentis
831 2938 972 3022 Agenor

188 3038 234 3100 Et
256 3036 310 3120 qui
332 3041 428 3125 longa
451 3039 538 3101 dedit
559 3036 653 3100 terris
675 3032 867 3120 cognomina
888 3038 1051 3103 Phoenix.

180 3139 263 3219 lpsa
286 3144 374 3204 sedet
396 3146 521 3205 tandem
545 3152 706 3203 aeternum
728 3139 896 3203 coniuncta
919 3140 1074 3203 Sichaeo:
1272 3144 1315 3207 9⁰

188 3240 276 3303 Ante
297 3244 395 3324 pedes
417 3242 501 3306 ensis
522 3241 686 3325 Phrygius
709 3240 811 3304 iaceta
836 3242 948 3304 ordine
971 3253 1097 3304 centum

188 3342 280 3404 Stant
302 3363 376 3406 arae
399 3343 542 3426 caelique
565 3342 630 3407 deis
653 3343 829 3425 Ereboque
851 3342 989 3423 potenti.

187 3442 253 3504 Hic
274 3445 363 3506 crine
384 3445 486 3507 effuso
510 3455 604 3526 atque
627 3445 797 3505 Hennaeae
819 3442 948 3505 olimina
961 3443 1062 3507 divae

187 3544 298 3627 Atque
319 3546 507 3613 Acheronta
530 3556 629 3608 vocat
651 3545 763 3628 Stygia
786 3566 857 3607 curu
878 3556 969 3608 veste
991 3549 1154 3611 sacerdos.

187 3643 339 3730 Immugit
360 3648 454 3710 tellus
476 3646 658 3729 rumpitque
679 3647 840 3737 horrenda
863 3668 921 3728 per
943 3650 1072 3710 umbras
1196 3697 1200 3703 .
1267 3652 1319 3714 95·

188 3743 305 3820 Sibila,
327 3744 484 3810 inaccensi
505 3749 644 3832 flagrant
666 3748 817 3810 altaribus
840 3747 945 3832 ignes.
1315 3762 1319 3769 '

190 3847 273 3908 Tum
297 3845 423 3929 magico
446 3849 583 3912 volitant
603 3848 698 3913 cantu
720 3870 780 3933 per
801 3848 905 3914 inania
929 3871 1037 3914 manes

257 4041 316 4092 179.
337 4045 483 4114 Tempora.
505 4053 531 4093 ut
547 4047 635 4097 habent
653 4050 730 4095 Codd.
750 4054 774 4093 el
791 4049 853 4096 Edd.
872 4056 927 4113 anta
945 4052 1096 4116 Websrtun,
1117 4053 1239 4106 explicant
1255 4025 1315 4097 elias⁵
1373 4068 1374 4107 j

187 4113 307 4168 geniales,
335 4116 421 4164 festos.
468 4116 515 4161 Sed
542 4119 660 4173 quomodo
684 4120 708 4162 it
734 4120 796 4163 ands
820 4120 855 4164 sie
873 4120 978 4174 positum
996 4134 1020 4164 v.
1039 4126 1152 4178 tempora
1171 4120 1306 4180 siguificare
1373 4136 1374 4161 2

188 4179 372 4292 ξίἱζεᾚίὴί
395 4184 421 4268 io
438 4189 542 4267 mgentem
561 4185 626 4228 venit
644 4184 788 4244 Tegmine,
813 4193 908 4257 vestes,
936 4186 1065 4246 ornaths‚'
1078 4189 1228 4249 probarique
1245 4191 1305 4237 We·
1373 4174 1374 4269 i
