2772 4750
227 229 289 291 tto

226 387 333 467 Quom
352 383 386 447 in
407 381 546 447 cinerem
566 402 665 446 canos
684 379 812 445 solvent
830 401 848 442 a
866 379 989 447 vertice
1005 380 1105 446 crinis

225 486 425 572 Putridaque
446 483 582 549 infirmis
601 481 772 547 variabunt
792 492 929 566 pectora
947 481 1075 565 palmis.

225 590 358 656 Currite
381 591 532 652 ducentes
556 585 751 662 subtemina,
775 583 914 662 currite,
936 584 1015 649 fusi.

285 694 432 776 Namque
455 690 542 754 velut
563 692 676 753 densas
695 708 911 771 praecerpens
932 687 1040 751 cultor
1059 688 1190 768 aristas,
1287 695 1341 757 355

226 796 304 860 Sole
327 796 385 857 sub
409 791 533 856 ardenti
552 791 704 854 flaventia
727 792 858 854 demetit
877 812 972 868 arva,
1370 776 1371 787 ¹

229 895 452 981 Troiugenum
472 895 590 985 infesto
616 905 802 977 prosternet
822 915 966 976 corpora
986 894 1092 961 ferro.

223 998 356 1064 Currite
378 1002 528 1062 ducentes
549 997 749 1076 subtemina,
772 996 913 1073 currite,
936 996 1015 1061 fusi.

288 1099 396 1166 Testis
417 1100 479 1165 erit
501 1100 625 1185 magnis
647 1098 822 1163 virtutibus
843 1102 927 1162 unda
948 1100 1153 1181 Scamandri,

224 1206 315 1286 Quae
335 1204 453 1288 passim
473 1202 589 1286 rapido
613 1202 801 1266 diffunditur
819 1202 1055 1294 Hellespontos

224 1307 349 1388 Quoius
365 1306 427 1370 iter
450 1305 550 1370 eaesis
572 1316 744 1390 angustans
764 1327 943 1389 corporum
966 1306 1091 1371 acervis

222 1410 302 1474 Alta
321 1408 492 1492 tepefaciet
514 1408 674 1491 permixta
697 1407 828 1470 flumina
852 1411 962 1472 caede.

225 1510 357 1577 Currite
379 1515 529 1575 ducentes
552 1510 746 1586 subtemina,
770 1509 908 1586 currite,
931 1511 1008 1574 fusi.

286 1613 434 1699 Denique
455 1613 544 1676 testis
563 1612 625 1676 erit
646 1612 745 1677 morti
761 1634 891 1698 quoque
911 1612 1035 1678 reddita
1056 1618 1199 1697 praeda:

224 1717 332 1797 Quom
350 1727 435 1779 teres
459 1715 589 1780 excelso
613 1727 839 1781 coacervatum
861 1737 981 1800 aggere
998 1719 1125 1781 bustum

222 1817 377 1901 Excipiet
399 1817 512 1883 niveos
534 1839 704 1900 percussae
727 1816 866 1902 virginis
890 1829 990 1883 artus.

223 1920 357 1987 Currite
376 1924 526 1985 ducentes
546 1920 742 1997 subtemina,
767 1919 903 1996 currite,
926 1920 1004 1985 fusi.

286 2026 371 2087 Nam
394 2022 486 2086 simul
509 2046 547 2087 ac
568 2023 661 2087 fessis
682 2022 805 2086 dederit
827 2024 913 2087 Fors
933 2024 1061 2106 copiam
1080 2027 1224 2093 Achivis

223 2124 325 2191 Urbis
345 2124 528 2190 Dardaniae
548 2124 711 2207 Neptunia
734 2125 863 2190 solvere
881 2125 1007 2204 vincla,

222 2227 300 2291 Alta
320 2226 504 2308 Polyxenia
526 2228 695 2290 madefient
717 2231 812 2291 caede
832 2229 993 2311 sepulcra.

222 2331 311 2411 Quae
333 2329 420 2393 velut
442 2328 574 2412 ancipiti
597 2333 807 2394 succumbens
826 2331 956 2395 victima
977 2332 1087 2410 ferro,

221 2431 381 2496 Proiiciet
401 2443 547 2495 truncum
567 2429 725 2496 submisso
745 2433 872 2516 poplite
898 2457 1033 2518 eorpus.

223 2532 355 2599 Currite
376 2535 526 2598 ducentes
550 2534 744 2609 subtemina,
768 2536 904 2613 currite,
927 2539 1003 2603 susi.

287 2636 395 2716 Quare
419 2635 523 2720 agite,
548 2647 678 2719 optatos
700 2636 796 2701 animi
818 2637 1005 2726 coniungite
1028 2665 1169 2710 amores.

222 2736 376 2821 Accipiat
396 2736 517 2802 coniux
538 2737 628 2803 felici
648 2739 781 2805 foedere
801 2739 924 2820 divam,
1287 2753 1345 2816 375

275 2917 334 2968 355.
348 2934 522 2979 praecernens
541 2922 831 2981 embammatum.
847 2926 950 2973 Coi-rad.
967 2931 1029 2974 unde
1040 2930 1144 2985 Statius,
1158 2931 1263 2979 Imehm.
1274 2949 1346 2994 prae·

221 3003 346 3047 eerpene;
364 2993 427 3046 quad
439 3005 499 3036 nuuc
508 2992 598 3045 recepi.
614 3015 646 3026 —
660 3000 826 3050 prosternens
838 2998 928 3055 Vulgo.
950 2999 1012 3042 Tum
1024 3003 1284 3049 mercamentum.
1296 3007 1344 3050 Sill.
1370 2992 1371 3049 l

222 3058 281 3106 359.
301 3060 391 3120 magni
412 3061 494 3105 lleins.
545 3057 603 3105 361.
624 3069 766 3122 angustans
784 3080 796 3110 e
813 3064 874 3109 Cnd.
894 3068 977 3113 Burm.
996 3069 1050 3114 Sec.
1100 3067 1160 3119 364.
1182 3072 1272 3118 dedita
1287 3077 1345 3119 Stat.
1370 3064 1371 3117 l

219 3132 293 3176 Daer.
308 3130 380 3189 Giug.
395 3132 448 3174 Ast.
466 3132 512 3174 cfr.
524 3130 598 3174 Bach.
614 3134 642 3175 ad
655 3133 711 3180 Tib.
725 3147 748 3188 p.
761 3131 803 3179 30.
848 3133 907 3181 365.
928 3142 994 3182 terre
1007 3139 1111 3183 excelso
1123 3141 1188 3186 Veu.
1210 3165 1246 3177 ·-
1266 3151 1346 3188 terrae
1370 3124 1371 3201 1

219 3201 322 3245 excelso
340 3200 416 3244 Gnar.
430 3200 483 3244 Ast.
503 3201 542 3257 qui
561 3201 655 3246 confert
669 3203 731 3247 Aen.
747 3201 794 3259 11,
816 3202 875 3250 850.
904 3228 934 3239 -
959 3213 1059 3252 terreno
1077 3223 1111 3252 ex
1129 3223 1230 3270 aggere
1250 3213 1345 3259 bustum
1370 3204 1371 3275 1

219 3283 296 3325 eoque
315 3271 461 3324 propendet,
490 3274 515 3313 ut
540 3270 661 3314 scribatur
686 3278 769 3316 terrae
787 3287 822 3317 ex
841 3275 926 3329 celeo,·
955 3282 1038 3321 terrae
1058 3291 1071 3320 e
1089 3280 1158 3323 celeo
1177 3280 1277 3326 Censoe
1297 3285 1344 3329 len.
1370 3280 1371 3329 l

220 3337 299 3398 Quam
319 3336 444 3383 'seueram
463 3352 476 3380 e
493 3351 568 3382 caeso
587 3347 759 3385 coacervatam
778 3344 880 3403 agmine
898 3345 981 3391 lleins.
1037 3343 1095 3394 366.
1111 3363 1260 3405 pereueeae
1278 3353 1343 3408 Lips.
1370 3344 1371 3357 ¹

220 3409 283 3451 Ven.
299 3407 398 3451 Mercil.
415 3408 488 3452 Wak.
500 3408 529 3450 ad
543 3407 640 3453 Lucrel.
657 3410 685 3465 6,
701 3408 760 3456 310.
778 3413 832 3458 Ast.
850 3416 913 3470 quod
932 3417 960 3460 de
979 3417 1075 3460 victima
1094 3419 1229 3476 legitimum
1249 3429 1298 3466 est.
1316 3441 1347 3456 -
1370 3468 1371 3471 ,

216 3476 350 3532 perculsae
365 3476 462 3534 reliqui.
508 3474 567 3521 368.
588 3480 665 3523 simul
682 3478 748 3524 dane
766 3482 826 3527 Cdd.
845 3484 902 3540 aliq.
920 3485 1017 3530 Bachm.
1035 3488 1063 3529 ad
1083 3487 1139 3531 Tib.
1157 3501 1181 3542 p.
1204 3486 1249 3534 61.
1267 3492 1344 3550 siltig.

217 3547 268 3590 Pro
285 3544 419 3608 rrradeflent
437 3546 497 3589 Cdd.
515 3549 601 3605 pleriq.
621 3548 773 3595 madescent.
794 3575 827 3586 -
845 3554 977 3599 mitescent
996 3569 1050 3598 cum
1067 3556 1122 3600 aliis
1137 3556 1242 3604 Lachm.
1258 3565 1286 3605 ut
1303 3562 1344 3604 eit:
1370 3552 1371 3563 ¹

218 3615 373 3669 „Polyxenus
393 3614 512 3659 sacrificia
531 3617 630 3662 Achillis
643 3620 728 3664 nrnbra
740 3622 868 3677 mitescet,
889 3625 1049 3679 placabitur.”
1085 3622 1146 3671 374.
1167 3629 1343 3686 animieLips.

217 3686 280 3728 Ven.
294 3684 368 3730 Web.
386 3685 503 3739 probante
519 3686 626 3732 Geusore
646 3689 698 3734 teu.
715 3692 898 3746 arridendum,
920 3709 949 3738 ne
965 3694 1046 3738 animi
1053 3726 1059 3748 ,
1081 3697 1141 3751 quod
1158 3704 1268 3746 reeentt.
1287 3700 1343 3743 Edd.

218 3758 333 3809 occupat,
365 3767 395 3798 ex
421 3755 603 3810 interpolatione
629 3759 728 3804 Arauril
756 3761 802 3819 sit3
832 3761 865 3806 ita
884 3763 946 3807 enim
964 3765 1006 3809 ille
1025 3766 1048 3807 in
1066 3765 1225 3812 Emendatt.;
1247 3769 1344 3828 „Legat
1370 3814 1371 3821 ,

216 3836 295 3883 quare
313 3823 382 3883 agite
400 3829 511 3880 optatae,
533 3828 627 3881 animi,
648 3842 704 3872 casu
723 3829 834 3887 quinto.'’
850 3851 886 3865 -
902 3831 989 3877 Animi
1005 3846 1105 3878 amores
1124 3840 1206 3879 autem
1227 3841 1347 3894 expliean·
1370 3840 1371 3915 1

218 3895 288 3947 dum,
314 3897 341 3936 ut
358 3906 429 3948 saepe
449 3899 485 3938 est
503 3898 563 3949 apud
581 3898 710 3943 Salustium
729 3900 753 3943 in
776 3901 875 3955 primis,
900 3903 981 3946 animi
998 3903 1088 3960 rapido
1107 3903 1177 3948 Orat.
1197 3905 1310 3964 Philippi
1326 3906 1346 3953 l.
1370 3924 1371 3973 1

217 3962 292 4006 timor
306 3963 387 4007 animi
398 3962 453 4007 Cat.
464 3961 505 4011 58.
520 3966 571 4024 lug.
581 3964 623 4011 20.
662 3965 721 4013 384.
737 3967 887 4028 praefantes
905 3974 959 4020 scil.
978 3974 1076 4028 nuptiis.
1091 3973 1142 4019 Cic.
1158 3975 1186 4018 de
1198 3976 1258 4021 Dis.
1271 3978 1296 4032 1,
1308 3974 1346 4023 45.
1370 3984 1371 4023 l

215 4032 327 4077 maiores
347 4033 429 4077 nnetre'
446 4034 562 4078 omnibus
580 4035 655 4080 rebus
673 4037 797 4098 agendis,
817 4039 883 4099 qaod
897 4040 1002 4096 bonam,
1017 4039 1153 4101 sanetum,
1166 4039 1246 4101 felix
1257 4044 1344 4106 fortu-
1370 4028 1371 4085 1

213 4107 347 4162 natamque
359 4103 408 4156 es‘t,
425 4101 622 4161 praefabantnr.
640 4130 672 4139 -
688 4103 823 4165 profantes
836 4111 935 4156 Mitsch.
946 4112 1023 4156 Daer.
1034 4112 1106 4171 Ging.
1118 4113 1172 4156 Ast.
1187 4115 1244 4160 sine
1259 4131 1343 4162 neees-

215 4171 300 4229 sitete3
328 4173 404 4229 „quin
429 4176 454 4216 et
477 4174 555 4227 prima
573 4174 597 4217 in
614 4172 717 4235 profare¹
735 4180 797 4232 apud
814 4181 898 4233 poetas
917 4194 1012 4237 semper
1030 4182 1202 4237 corripitur:''
1221 4185 1343 4231 Huscbsl.

214 4238 437 4296 Ep.crit.p.10!t.
476 4238 535 4287 385.
552 4248 654 4299 pectore
672 4246 748 4289 Codd.
765 4249 882 4305 plerique.
897 4250 942 4298 Ed.
960 4264 997 4305 pr.
1016 4265 1091 4310 neque
1108 4257 1161 4297 erat
1178 4256 1347 4308 protectorer

215 4309 288 4357 tectio
305 4310 370 4354 Scal.
387 4310 487 4364 omine,
507 4313 569 4368 quad
582 4313 646 4356 inest
662 4311 818 4374 infelicibus
835 4319 1006 4376 carminibus,
1020 4335 1035 4364 a
1050 4327 1151 4368 reeentt.
1168 4318 1347 4380 praeferretur.
1370 4320 1371 4367 l
