2736 4748
84 349 249 434 Spongia:
276 349 459 414 muneribus
482 348 632 414 convenit
654 350 707 414 illa
731 349 822 414 meis.

27 455 96 517 Nou
118 466 262 535 possunt
279 464 409 516 nostros
432 453 569 531 turillae,
593 451 761 529 Fauorine,
785 453 900 516 liturae
950 500 954 505 -

85 557 266 619 Emendare
287 553 399 628 iocos;
423 575 482 615 rina
506 553 601 616 litura
625 564 748 635 potest.

265 694 435 758 XXXIV.
468 691 647 756 Eiusdem.
684 693 742 770 (L.
766 694 798 754 d.
823 691 891 772 32.)

26 806 66 867 Et
86 803 164 865 latet
186 813 218 865 et
239 802 323 864 lueet
347 801 584 866 Phaethontide
606 801 733 866 condita
756 814 865 888 gutta,

86 907 131 969 Ut
155 904 302 966 videatur
323 902 392 985 apis
413 915 540 966 nectare
563 903 668 978 clausa
691 925 765 967 suo.

26 1005 163 1089 Dignum
188 1016 347 1068 tantorum
369 1005 505 1086 pretium
528 1005 600 1068 tulit
621 1005 673 1067 illa
697 1006 861 1071 laborum:

85 1105 253 1171 Credibile
275 1117 324 1169 est
345 1105 444 1187 ipsam
468 1105 514 1167 sie
535 1107 676 1169 voluisse
698 1094 793 1171 mori.

276 1246 426 1308 XXXV.
459 1242 638 1307 erasum.
675 1244 733 1322 o..
756 1246 789 1308 u.
813 1246 881 1325 u.)

26 1355 106 1435 Quid
128 1354 321 1417 recitaturus
344 1353 522 1415 circumdas
544 1354 665 1417 vellera
687 1353 798 1418 eollo?

85 1455 293 1520 Conveniunt
315 1454 433 1518 nostris
457 1454 589 1517 eruribus
610 1455 663 1518 illa
689 1456 803 1539 magis.

247 1595 429 1673 ,xxm
468 1592 643 1659 Eiusdem.
677 1594 735 1673 (L.
760 1594 792 1657 a.
824 1595 891 1674 u.)

24 1705 157 1789 Exigis,
181 1715 216 1766 ut
239 1706 353 1765 donem
375 1714 505 1767 nostros
527 1703 604 1777 riui,
629 1695 766 1784 Quinte,
792 1705 935 1769 libellos:

80 1809 159 1868 ¹Non
181 1807 305 1878 habeo,
330 1806 385 1866 sed
407 1805 502 1866 habet
524 1804 700 1885 bibliopola
724 1807 897 1887 Tryphon.

23 1907 87 1969 Aes
109 1909 195 1970 dabo
218 1927 281 1988 pro
303 1905 398 1987 uirgis
421 1916 452 1967 et
475 1927 573 1968 eruam
597 1916 649 1966 tua
672 1905 810 1968 carmina
833 1907 950 1970 sanus?

84 2010 180 2085 Non,
206 2005 333 2089 inquis,
356 2006 470 2069 laeiam
491 2018 555 2068 tam
577 2006 677 2070 fatue.
722 2009 792 2069 Nee
813 2028 891 2091 ego.

266 2128 457 2200 XXXVII.
485 2126 674 2197 *erasum
712 2127 769 2204 (e.
792 2127 825 2190 s.
849 2127 898 2207 e.)

22 2237 250 2319 Languebam3
274 2237 330 2298 sed
351 2246 385 2299 tu
408 2235 575 2302 comitatus
598 2235 743 2325 protinus
766 2237 805 2321 ad
827 2257 877 2300 me

83 2335 213 2401 Venisti
235 2347 383 2411 eentum,
407 2337 613 2416 Symmacho,
638 2335 816 2417 discipulis.

22 2431 158 2497 Centum
184 2426 232 2495 me
252 2433 388 2517 tetigere
409 2455 520 2496 mantis
543 2433 692 2515 aquilone
715 2433 861 2515 gelatae:

82 2537 160 2600 Non
184 2535 281 2598 habui
300 2536 444 2610 febrem,
469 2537 676 2616 symmache,
701 2556 783 2597 utine
804 2537 923 2601 habeo.

245 2657 454 2721 XXXVIII·
486 2646 664 2720 Eiusdem.
701 2655 760 2734 (L.
784 2655 818 2719 5.
842 2657 909 2736 13.)

21 2765 116 2842 Suam,
140 2764 268 2842 fateor,
296 2774 483 2847 semperque
506 2764 569 2841 lui,
595 2763 799 2840 Callistrato,
822 2785 965 2848 pauper,

83 2870 148 2931 Sed
169 2889 232 2929 nou
256 2870 413 2931 obscurus
436 2888 493 2929 nec
515 2867 594 2929 male
618 2880 713 2930 nolus
736 2887 854 2949 eques:

18 2968 85 3031 Sed
107 2980 180 3033 toto
202 2969 298 3051 legor
319 2972 399 3033 orbe
420 2969 574 3052 frequens
596 2979 627 3031 ct
649 2968 784 3042 dieitur,
809 2966 897 3041 „Hie
919 2967 1016 3040 estl”

83 3071 249 3152 Quodque
273 3060 351 3133 einis
374 3069 502 3152 paucis,
526 3071 591 3135 hoe
612 3069 688 3133 milri
710 3069 775 3132 vita
799 3068 897 3134 dedit.

18 3171 66 3234 At
90 3181 147 3232 tua
170 3171 314 3241 centenis
337 3171 521 3233 incumbunt
534 3163 625 3234 'tecta
649 3170 805 3234 columnis
892 3241 895 3245 ,
981 3236 985 3241 ,

85 3273 133 3333 Et
154 3271 321 3334 libertinas
344 3293 418 3333 arca
441 3272 586 3356 flagellat
608 3294 706 3354 opes;
783 3287 784 3290 ’
885 3262 888 3267 “
949 3254 952 3261 ’

18 3373 210 3456 Magnaque
228 3362 375 3435 'Niliacae
397 3373 497 3435 servit
519 3373 577 3435 tibi
599 3375 694 3458 gleba
719 3377 859 3456 Syenes,

85 3476 218 3536 Tondet
241 3483 273 3537 et
294 3467 479 3538 innumeros
502 3476 625 3539 Gallica
649 3478 766 3539 Parma
788 3462 920 3562 greges.

17 3574 97 3638 Hoc
120 3595 185 3656 ego
207 3585 303 3657 tuque
325 3596 450 3650 sumus;
474 3578 530 3637 sed
548 3579 639 3659 'quod
660 3583 837 3652 smn,'uoo
859 3584 1068 3663 potestesse:

83 3677 138 3738 Tu
161 3677 323 3757 quocies,
348 3697 366 3738 e
388 3677 512 3758 populo
536 3676 668 3760 quilibet
691 3698 760 3741 esse
782 3691 902 3760 potest.
1104 3683 1146 3745 tt!

205 3850 206 3855 ,
266 3794 440 3861 XXXIX.
472 3796 651 3860 Eiusdem.
686 3799 896 3879 (1..e.ol.)
988 3794 995 3813 ‘

14 3900 168 3978 Laudat,
194 3915 292 3980 amat,
317 3915 423 3968 cantat
445 3918 575 3971 nostros
598 3928 665 3968 mea
689 3909 794 3970 Roma
817 3909 944 3976 libellos

83 4007 210 4088 Meque
233 4006 320 4068 sinus
344 4006 467 4082 orunis',
492 4009 541 4071 me
564 4028 677 4070 manus
697 4009 798 4072 omnis
821 4012 932 4075 habet.

13 4109 108 4173 Eece
130 4110 225 4169 rubet
247 4107 396 4189 quidam,
420 4109 536 4190 pallet,
561 4121 684 4191 stupet,
710 4112 843 4186 oscitat,
869 4111 957 4174 odite

82 4210 162 4274 Hoc
185 4208 282 4284 vole;
304 4231 388 4273 nunc
409 4209 503 4274 uobis
525 4210 663 4277 earmina
685 4222 797 4276 uestra
817 4212 958 4303 placent.
1075 4237 1078 4243 ¹
