2772 4750
42 319 213 398 interdum,
236 315 338 381 nihilo
362 320 537 401 quaesunt
559 316 721 379 metuenda
744 314 861 400 magis,
884 336 979 400 quam

42 422 124 501 Quae
146 419 260 503 puerei
281 419 314 483 in
337 416 478 482 tenebris
497 417 642 500 pavitant
662 418 849 504 finguntque
870 416 992 481 futura.

42 525 130 586 Hunc
150 521 253 607 igitur
274 533 435 585 terrorem
457 518 553 583 animi
574 522 785 605 tenebrasque
808 530 983 594 necessest,

42 628 111 688 Non
129 623 231 687 radici
253 623 331 688 solis
352 644 411 685 nec
430 621 534 685 lucida
555 622 618 686 tela
642 621 705 685 diei
741 642 744 649 ·

43 726 239 802 Discutiant,
262 729 317 790 sed
339 737 469 788 naturae
489 723 612 807 species
633 725 801 809 ratioque:

42 830 111 909 Quo
133 829 236 913 magis
256 829 418 910 inceptum
439 849 572 912 pergam
595 839 767 910 pertexere
786 827 893 892 dictis.

100 934 143 995 Et
165 930 317 1016 quoniam
340 929 453 1005 docui,
478 928 585 992 mundi
604 930 753 994 mortalia
772 930 891 1013 templa

43 1035 117 1097 Esse
139 1045 172 1097 et
192 1032 303 1096 nativo
326 1031 502 1096 consistere
523 1053 669 1114 corpore
691 1033 833 1108 eaelnm;

42 1137 98 1211 Et,
121 1156 366 1221 quaequomque
387 1133 421 1196 in
442 1155 482 1197 eo
499 1134 579 1196 liunt
598 1134 733 1219 fierique
752 1147 927 1211 necessest,

43 1238 198 1322 Pleraque
215 1236 370 1311 dissolvi3
394 1257 475 1322 quae
497 1245 634 1312 restant,
657 1235 788 1319 percipe
806 1258 931 1319 porro:

43 1338 304 1424 Quandoquidem
325 1339 421 1402 semel
444 1337 600 1422 insignem
621 1341 837 1402 conscendere
855 1361 984 1402 currum

42 1448 58 1482 Ι
77 1443 259 1506 Ventorum
282 1452 429 1504 exartant
450 1440 578 1523 placent
596 1451 630 1502 ut
651 1440 757 1504 omnia
776 1463 903 1506 rursum

42 1550 58 1585 ²²
79 1545 167 1624 Quae
185 1542 320 1619 suerint,
344 1543 407 1606 sint
425 1543 554 1625 placato
575 1563 737 1607 convorsa
755 1542 884 1607 favore.

100 1646 235 1721 Cetera,
260 1667 340 1730 quae
359 1644 434 1708 fieri
451 1644 484 1708 in
503 1644 599 1708 terris
623 1645 776 1729 caeloque
799 1656 926 1709 tuentur

44 1748 221 1823 Mortales,
244 1746 370 1829 pavidis
389 1769 487 1832 quom
509 1750 647 1829 pendent
669 1745 819 1810 mentibu'
843 1769 955 1830 saepe,

42 1850 190 1913 Efficiunt
214 1848 336 1913 animos
356 1849 503 1925 humileis
523 1847 696 1912 formidine
718 1848 827 1912 divdm
879 1902 882 1908 .

43 1952 284 2036 Depressosque
305 1962 454 2034 premunt
477 1955 516 2014 ad
534 1963 671 2026 terram;
694 1961 868 2033 propterea
890 1955 980 2037 quod

43 2053 228 2137 Ignorantia
249 2074 430 2115 caussarum
453 2053 604 2117 conferre
622 2056 756 2130 deorum

43 2154 142 2238 Cogit
161 2159 203 2218 ad
217 2154 385 2238 imperium
404 2177 455 2218 res
472 2167 504 2218 et
523 2158 701 2219 concedere
722 2177 877 2239 regnum:

42 2257 186 2338 Quorum
209 2278 344 2338 operum
366 2279 492 2320 caussas
510 2257 596 2319 nulla
617 2256 744 2321 ratione
764 2257 872 2321 videre

42 2360 181 2423 Possunt
199 2382 236 2422 ae
257 2358 330 2423 fieri
348 2358 460 2423 divino
479 2359 605 2422 numine
625 2371 750 2423 rentur.

43 2463 122 2525 Nam
141 2465 223 2525 bene
243 2461 318 2546 quei
342 2460 484 2527 didicere
505 2464 584 2526 deos
606 2483 750 2525 securum
775 2484 872 2545 agere
891 2485 1021 2539 aevom,

41 2563 74 2625 Si
94 2577 198 2627 tamen
216 2563 337 2628 interea
358 2563 530 2640 mirantur,
555 2586 617 2649 qua
639 2564 764 2628 ratione

33 2705 132 2768 suerit,
152 2714 179 2753 ut
195 2710 266 2752 etiarn
286 2709 315 2752 C.
334 2709 365 2752 E.
385 2733 417 2743 -
437 2707 531 2772 flueret
547 2709 663 2753 naturali
680 2709 734 2753 niro
751 2714 823 2767 utque
841 2709 935 2754 reniret
958 2710 1003 2754 Αν.
1022 2710 1053 2755 Ρ.
1072 2711 1102 2760 t.
1125 2731 1155 2745 -·

35 2777 129 2840 flueret
146 2783 254 2822 nutstede
272 2779 297 2821 ul
314 2779 431 2837 varieque
448 2780 542 2822 volaret
560 2778 646 2822 Lsunb.
666 2801 700 2812 -
712 2776 806 2840 flueret
822 2776 947 2822 Fortunc'i
959 2778 1075 2838 uarieque
1090 2781 1157 2826 nolu·

39 2854 76 2892 ret
95 2848 208 2907 Preiger.
236 2853 365 2903 praeeunte
389 2849 487 2892 vossio.
513 2848 573 2891 Hau.
603 2867 638 2880 -
660 2846 754 2910 flueret
781 2849 894 2891 naturali
920 2849 1035 2904 ratione,
1063 2850 1158 2894 volaret

38 2919 117 2963 Bentl.
157 2914 199 2962 33.
217 2917 398 2964 Atflsv.c0ni.
418 2917 480 2961 Nam
493 2916 675 2962 taliaaudebat.
708 2914 750 2962 45.
771 2917 959 2963 mentuunt.
968 2923 1025 2963 vett.
1034 2918 1155 2963 anum.

39 2984 328 3034 Larunttttcmnu.
340 2985 698 3047 fientque‚neceaseEsseeu
707 2986 909 3031 dissolelLamb.
923 2985 948 3031 2.
961 2988 991 3030 ΙΙ.
1029 2985 1071 3032 48.
1092 2988 1124 3032 Η.
1138 2990 1156 3034 Ι.

39 3058 119 3101 omnia
139 3061 188 3100 tam
202 3057 290 3100 misere
308 3058 389 3100 luxata
407 3061 475 3110 sunt,
497 3060 522 3100 nt
539 3059 613 3100 satius
629 3057 738 3100 duxerim
756 3068 840 3100 versus
858 3057 910 3099 sins
929 3055 1070 3099 melioribus
1088 3057 1157 3100 libris

39 3140 160 3183 nunquam
173 3127 291 3169 sanandos
305 3126 417 3170 exhibere
431 3130 501 3181 prout
514 3128 624 3184 leguntur
634 3127 658 3168 in
669 3126 713 3172 cd.
722 3126 751 3168 C.
760 3125 790 3168 E.
810 3147 843 3158 -
855 3125 928 3168 Viud.
947 3125 1075 3168 sxlrcuut.
1095 3127 1155 3170 Ver.

39 3197 100 3243 Ven.
123 3200 244 3239 exurunt.
275 3218 308 3228 -·
341 3192 474 3239 Ventorum
492 3193 660 3239 exhortentur
678 3207 735 3251 spes
754 3200 827 3252 atque
849 3194 921 3238 odric
938 3207 1042 3237 remum
1060 3195 1106 3239 Aa.
1125 3194 1156 3238 P.

39 3265 88 3310 Gif.
119 3266 155 3309 lta
171 3269 195 3308 et
212 3263 295 3318 luuta,
316 3266 357 3309 sed
372 3270 482 3309 uotorum
495 3265 617 3310 substituit
631 3266 685 3308 loco
702 3268 839 3308 uentorum.
860 3261 1159 3308 Vincendt'exhortntn’at

38 3348 113 3391 epea,
143 3339 215 3392 atquc
233 3333 305 3377 obuia
322 3347 426 3378 rursum
443 3334 528 3381 Larnb.
553 3332 628 3379 1564.
660 3334 685 3376 ln
703 3333 749 3377 Ed.
769 3337 848 3376 autem
870 3337 1004 3388 posteriore
1026 3335 1054 3378 de
1073 3334 1158 3378 Aurati

38 3404 121 3451 eoni.:
142 3424 178 3437 -
194 3399 266 3461 utque
283 3402 356 3447 obvia
373 3417 461 3448 cursus.
480 3424 515 3436 -
531 3402 653 3447 Vincenda*
670 3416 729 3459 spes
746 3400 849 3446 tortum
861 3408 900 3446 sat
912 3408 984 3460 atquo
995 3401 1067 3447 odoia
1079 3416 1159 3447 cursu

39 3474 112 3527 llam,
133 3472 257 3528 inquibus
276 3474 323 3516 iarn
342 3487 385 3516 nec
403 3475 482 3516 volam
501 3487 544 3517 nce
561 3475 687 3531 uestigium
707 3474 783 3516 Coun.
803 3484 930 3525 superesse
944 3473 1019 3515 vides.
1040 3495 1073 3527 .··
1093 3470 1157 3516 Ven-

38 3548 122 3585 torum
140 3539 260 3585 exhortet
273 3542 386 3598 pellacia
404 3547 428 3586 et
445 3542 529 3587 niuniu
547 3555 651 3586 rursum
668 3544 742 3586 Voss.
768 3565 801 3574 -
830 3538 964 3599 Ventorum
982 3540 1097 3585 excierat
1112 3555 1159 3599 pu·

38 3617 111 3655 ector
131 3611 164 3668 (i.
179 3626 201 3659 e.
217 3612 236 3654 si
250 3611 301 3654 Diis
315 3613 406 3666 placet,
421 3611 538 3668 Epicurus
548 3609 567 3666 t)
586 3617 610 3655 et
626 3612 711 3655 omnin
729 3621 841 3653 rursum.
863 3610 935 3653 Wak.
951 3609 1158 3664 (translucente-

38 3686 108 3724 ctura
128 3693 229 3735 prorsus
248 3680 410 3736 improbabili.
466 3679 508 3726 tt.
520 3677 623 3739 suerint
641 3681 718 3724 Codcl.
738 3679 846 3736 plerique
864 3678 905 3733 (C.
917 3678 960 3732 Ε.)
972 3679 1034 3723 Edd.
1048 3686 1105 3728 vett.
1125 3703 1158 3715 -

33 3747 147 3813 suerunt
162 3750 234 3793 Vind.
254 3753 283 3793 A.
303 3749 332 3793 L.
355 3750 384 3793 ΙΙ,
406 3774 439 3783 -
455 3747 572 3808 furerent
589 3750 632 3792 W.
646 3748 817 3792 coui.Elchst.
872 3748 909 3793 lb.
928 3749 980 3793 siut
997 3749 1074 3793 Cndd.
1094 3750 1157 3794 Edu.

38 3824 98 3864 vett.
113 3818 146 3863 A.
159 3818 251 3863 Eichst.
271 3838 305 3849 -
324 3825 383 3863 sunt
395 3820 425 3864 L.
436 3820 467 3865 ΙΙ.
481 3820 523 3863 W.
561 3818 597 3861 lb.
610 3815 703 3876 fusore
716 3817 791 3861 Codd.
804 3817 864 3863 Edd.
875 3823 933 3862 vett.
945 3818 975 3862 Α.
985 3818 1071 3863 Lamb.
1082 3816 1106 3863 l.
1115 3820 1158 3863 W.

39 3912 72 3922 -
84 3885 181 3946 surore
200 3888 304 3932 auratus
322 3891 387 3933 coni.
407 3889 436 3933 L.
458 3888 482 3932 2.
502 3889 533 3933 H.
553 3888 646 3931 Eiclsst.
671 3887 771 3944 Forbig.
791 3888 819 3931 de
838 3901 881 3931 sua
898 3888 963 3932 coni.
984 3889 1016 3931 ita
1037 3888 1162 3932 constituit

39 3957 139 4001 locum:
171 3955 298 4001 Vectorem
317 3957 453 4003 exhortent
466 3956 625 4017 plaudendo,
655 3962 681 4001 ut
697 3956 768 4000 obt-iu
786 3969 864 4001 cursu
882 3956 951 4017 (lune
962 3952 1078 4013 suerint,
1108 3956 1161 3999 sint

35 4027 143 4083 placato
160 4039 281 4071 convorso
292 4024 396 4086 surore.
434 4025 476 4073 52.
495 4025 616 4089 Efficiunt
632 4027 671 4071 Pii
689 4027 765 4071 Codd.
780 4026 851 4070 Μ..
863 4025 997 4070 unicust.
1017 4048 1050 4057 —
1068 4021 1102 4065 Et
1111 4019 1158 4080 su-

39 4097 113 4140 ciunt
132 4095 206 4141 cnud.
224 4097 285 4141 Eua.
302 4101 359 4145 vett.
378 4098 422 4142 W.
454 4097 480 4140 ln
496 4097 540 4141 hae
558 4099 613 4141 lect.
634 4098 782 4151 respondent
804 4095 850 4138 sibi
869 4093 902 4137 Et
919 4118 930 4129 ·
949 4118 958 4127 ·
978 4104 1040 4149 μσς
1064 4092 1157 4134 ratione

39 4170 123 4209 tarnrn
142 4165 201 4209 haud
220 4167 291 4210 nimis
310 4172 374 4222 opta.
426 4162 467 4211 55.
488 4179 609 4224 regnum,
630 4171 653 4209 et
669 4166 699 4208 L.
714 4165 744 4207 H.
789 4159 915 4206 toust.
935 4159 1159 4214 „Apagewvw-

39 4232 156 4299 λογίαν.
174 4234 256 4290 luepte
272 4236 317 4280 huc
337 4236 420 4280 inserti
436 4239 492 4278 sunt
506 4246 537 4279 ex
552 4247 575 4278 r.
591 4231 649 4279 w
666 4233 745 4276 Bentl.
760 4227 797 4286 (l)
