2762 4760
212 175 255 239 58

213 335 293 396 Esse
315 339 451 415 queunt;
475 322 596 410 duplici
615 334 729 388 natura
747 333 780 387 et
801 341 946 407 corpore
963 321 1043 389 bino

212 438 268 499 Ex
289 429 475 516 alienigenis
494 427 645 494 membris
668 438 837 509 compacta
858 436 1019 510 potestas,

213 537 300 602 Hinc
319 534 409 599 illinc
426 554 486 615 par
507 531 556 596 vis
577 544 611 594 ut
630 552 696 595 non
714 528 766 592 sic
786 550 855 592 esse
877 528 1020 614 potissit.

212 641 252 703 Id
274 638 350 702 licet
371 634 447 699 hinc
468 633 614 721 quamvis
635 630 744 696 hebeti
763 652 964 716 cognoscere
987 634 1100 696 corde.
1279 636 1335 699 880

276 737 465 820 Principio,
489 735 610 801 circum
632 734 736 798 tribus
756 733 836 796 actis
854 732 1106 817 impigerannia

212 844 328 908 Floret
346 860 462 926 equus3
484 860 565 922 puer
586 839 672 901 baud
695 857 874 922 quaquam,
899 833 975 921 quin
994 856 1090 919 saepe
1108 836 1205 901 etiam
1230 848 1307 901 tunc
1367 894 1368 935 3

212 947 323 1011 Ubera
341 963 544 1005 mammarum
562 940 596 1003 in
617 939 737 1004 somnis
757 936 907 1002 lactantia
924 950 1068 1022 quaeret.

212 1049 295 1111 Post
314 1044 370 1108 ubi
392 1065 506 1129 equum
531 1040 654 1105 validae
677 1041 762 1104 vires
785 1051 887 1104 aetate
909 1052 1036 1104 senecta

213 1149 429 1230 Membraque
450 1141 601 1207 deliciunt
622 1141 759 1226 fugienti
779 1142 931 1227 languida
955 1142 1037 1219 vita,
1278 1146 1333 1207 885

213 1252 296 1313 Tum
319 1251 460 1322 demum,
482 1242 598 1328 puerili
619 1264 701 1308 aevo
719 1243 874 1320 florente,
896 1244 1042 1309 iuventas

213 1349 323 1417 Officit
344 1360 376 1413 et
397 1348 488 1413 molli
510 1345 606 1411 vestit
628 1346 777 1430 lanugine
798 1346 913 1410 malas:

212 1456 263 1517 Ne
284 1453 371 1516 forte
392 1472 434 1515 ex
456 1450 586 1514 homine
608 1460 639 1512 et
661 1447 807 1512 veterino
825 1447 944 1512 semine
966 1470 1121 1536 equorum

213 1554 360 1621 Confieri
380 1555 492 1618 credas
514 1551 695 1618 Centauros
720 1571 817 1632 posse
839 1572 942 1637 neque
965 1574 1052 1627 esse,

212 1659 279 1722 Aut
298 1655 421 1719 rabidis
443 1653 574 1719 canibus
594 1651 773 1716 succinctas
803 1652 1012 1717 semimarinis
1278 1659 1333 1720 890

214 1756 423 1841 Corporibus
442 1755 567 1836 Scyllas
590 1765 621 1817 et
644 1764 750 1818 cetera
770 1757 809 1819 de
832 1777 948 1840 genere
970 1759 1103 1833 borum,

212 1862 303 1924 Inter
325 1879 514 1945 aequorum
536 1855 700 1921 discordia
723 1860 865 1919 membra
887 1856 1068 1955 ridemus:¹

214 1964 304 2043 Quae
326 1983 429 2047 neque
449 1960 626 2025 florescunt
647 1957 771 2041 pariter
793 1980 853 2022 nec
875 1962 999 2024 robora
1022 1972 1149 2023 sumunt

212 2063 419 2147 Corporibus
440 2084 543 2148 neque
563 2062 736 2144 perficiunt
756 2072 857 2125 aetate
878 2074 1003 2126 senecta

212 2169 283 2230 Nec
305 2165 399 2228 simili
421 2168 551 2228 Venere
572 2168 741 2227 ardescunt
761 2184 820 2227 nec
844 2162 989 2228 rnoribus
1008 2165 1078 2229 unis
1276 2168 1332 2230 895

213 2266 418 2333 Conveniunt
440 2288 542 2351 neque
564 2276 635 2330 sunt
657 2268 766 2329 eadem
785 2265 924 2330 iocunda
946 2288 1005 2349 per
1028 2278 1135 2331 artus:

265 2503 325 2551 877.
346 2509 437 2563 queunt
454 2505 525 2549 etiam
545 2504 574 2547 0.
593 2503 624 2546 Ε.
644 2526 677 2536 ·-
696 2509 769 2562 quent
780 2528 790 2539 ·
803 2529 813 2539 ·
826 2510 956 2561 eosnpuetu
969 2510 1082 2562 potestus
1095 2506 1220 2554 Audias.
1249 2510 1332 2553 lisiano-

213 2580 281 2619 ratur
307 2576 360 2618 hmo
385 2575 491 2629 opinioni
516 2573 663 2618 refellendae
688 2574 819 2627 respiciens
844 2588 891 2618 nou
910 2576 989 2618 solum
1008 2575 1111 2620 tortasse
1130 2577 1160 2620 ad
1178 2577 1291 2621 fabulam
1309 2581 1333 2622 de

213 2645 356 2697 Centauris,
376 2644 419 2688 sed
439 2644 557 2687 etiamad
577 2643 729 2697 Empedoclis
748 2644 820 2688 illud:
848 2641 883 2700 (a.
899 2641 959 2688 214.
971 2647 1020 2701 St.)
1051 2641 1145 2694 πολλὰ
1163 2643 1222 2710 μὲν
1240 2642 1334 2711 ἀμφι.

212 2708 358 2783 πρόσωπα
380 2710 432 2761 καὶ
456 2706 646 2780 ἀμφίστερνα
668 2706 816 2773 φύεσθαι,
844 2709 989 2778 βουγενῆ,
1019 2707 1236 2785 ἀνδρόπρωρα.
1259 2714 1297 2766 τὰ
1314 2714 1334 2765 d’

212 2775 340 2846 ἔμπαλιν
356 2775 557 2843 ἐξανατέλλειν
571 2776 741 2851 ἅνδροφυῆ,
770 2775 927 2851 βούκρανα
954 2787 1123 2848 μεμιγμένα
1145 2781 1183 2834 τὰ
1207 2784 1267 2849 μὲν
1291 2780 1333 2837 aia’

213 2847 343 2921 ἀνδρῶν,
371 2848 408 2921 τῇ
426 2847 457 2900 δὲ
475 2847 664 2916 γυναικοφυῆ
683 2855 814 2921 σκιεροῖς
831 2846 989 2916 ἠσκημένα
1007 2853 1111 2918 γυίοις.
1144 2856 1263 2899 Ceterum
1276 2858 1332 2902 Cen·

213 2926 295 2966 tauros
314 2922 451 2978 Scyllaeque
470 2925 530 2976 apud
549 2924 632 2975 poetas
657 2925 681 2964 et
704 2921 728 2964 in
751 2923 855 2979 antiquis
872 2925 1032 2968 monumentis
1050 2925 1139 2979 passim
1160 2926 1277 2984 coniungi
1295 2928 1332 2971 ob·

212 2995 293 3036 servat
310 2991 419 3036 visconti
438 2991 525 3035 Museo
542 2990 682 3034 Pio-Clem.
697 2988 722 3034 5.
735 3003 760 3044 p.
776 2989 818 3035 21.
843 2991 917 3036 Lucr.
933 2990 962 3045 l,
978 2989 1037 3040 736.
1063 2992 1242 3053 nemauso.
1276 2998 1331 3040 Stat

212 3061 271 3105 sm.
286 3056 316 3114 5,
332 3056 361 3115 3,
376 3055 437 3104 280.
480 3056 540 3104 879.
566 3060 620 3113 „lta
640 3063 666 3103 ut
684 3072 713 3103 ex
732 3064 832 3119 utraque
851 3066 918 3116 parte
938 3063 1054 3116 monstri,
1075 3076 1104 3107 ex
1122 3062 1220 3107 horrisae
1239 3072 1297 3120 puta
1313 3071 1333 3109 et

212 3144 273 3188 equo
292 3129 438 3183 constantia,
459 3133 561 3186 nequeat
579 3142 632 3174 esse
651 3141 695 3183 par
715 3131 805 3173 utilitas
824 3131 1016 3176 mernbrorurn.”
1034 3132 1108 3177 Walt.
1137 3132 1256 3177 Ceterum
1268 3136 1331 3179 Bria.

211 3200 257 3243 Ar.
272 3201 308 3243 lu.
321 3199 369 3245 Α.;
390 3196 455 3245 Hine
468 3199 540 3242 illinc
549 3211 600 3255 pur
613 3198 652 3243 uie
670 3203 763 3243 utnon
779 3213 831 3257 pur
849 3214 905 3244 essa
920 3201 989 3258 potis
1007 3201 1051 3246 eit.
1088 3202 1180 3246 Contra
1198 3203 1250 3249 ss.:
1271 3203 1332 3249 Hine

211 3269 283 3313 illiue
302 3273 329 3312 ut
346 3281 396 3312 non
413 3268 448 3313 eit
461 3280 527 3325 pure
546 3281 602 3312 esse
619 3268 687 3325 polle
704 3268 748 3313 eit.
786 3269 830 3315 Cd.
851 3271 898 3315 C.:
927 3268 994 3314 Hinc
1020 3270 1092 3315 illinc
1106 3271 1214 3329 parib:
1243 3279 1272 3318 ut
1289 3287 1331 3318 non

211 3339 246 3382 eit
261 3349 400 3394 perrenae
416 3337 483 3393 potia
501 3336 553 3390 eit,·
581 3338 641 3380 adeo
667 3342 692 3380 ut
715 3338 812 3384 minima
838 3340 926 3384 errarit
944 3341 1034 3394 Wak.,
1065 3342 1128 3398 quod
1147 3341 1284 3387 arbitratus
1302 3347 1332 3388 est
1365 3370 1366 3417 l

210 3406 287 3451 Porb.
324 3403 384 3449 882.
404 3400 432 3449 l'n
445 3406 521 3450 Codcl.
536 3410 606 3462 atque
618 3405 679 3449 Edd.
691 3411 748 3452 vett.
762 3408 830 3453 deest
839 3413 861 3453 et
876 3410 912 3453 ita
920 3441 926 3463 ,
944 3415 968 3454 et
980 3410 1059 3468 quin5
1077 3412 1122 3454 08.
1136 3411 1166 3455 Ε.
1178 3409 1252 3457 based
1260 3426 1331 3471 quen·

211 3489 285 3535 quam
303 3487 379 3533 saepe
398 3475 473 3519 etium
491 3487 567 3519 nunc.
607 3475 633 3519 ln
648 3479 772 3534 margine:
804 3480 890 3532 „Addo
904 3477 965 3532 sed;
985 3485 1050 3523 muto
1069 3475 1222 3539 qucquam!²
1249 3482 1329 3527 Cd.C.

211 3565 244 3581 -ο
262 3542 332 3588 baud
349 3558 473 3603 qucquam
490 3544 566 3588 etium
584 3557 651 3588 nune
669 3558 718 3589 om.
733 3546 793 3605 quin
806 3559 890 3606 saepe.
918 3549 993 3592 liuius
1008 3549 1062 3593 loco
1075 3550 1120 3594 Ar.
1133 3550 1164 3598 Ρ.
1180 3551 1331 3596 inseruerunt

211 3614 279 3674 quic.
299 3614 354 3658 Ald.
374 3614 443 3673 quin.
461 3612 682 3673 (haudquaquam,
697 3616 757 3674 quin
769 3629 845 3674 saepe
858 3618 934 3661 etium
946 3619 1024 3670 nunc)
1041 3619 1109 3677 idque
1124 3622 1257 3678 revocari;
1279 3623 1331 3681 quin

211 3684 265 3727 scil.
286 3683 427 3739 absorptum
443 3684 488 3728 fuit
505 3698 518 3726 a
537 3685 695 3739 praecedente
713 3685 805 3735 syllaba
823 3701 906 3746 pssum.
936 3688 1020 3732 ltalam
1039 3690 1254 3743 interpolationem
1274 3693 1330 3747 sapit

211 3753 269 3796 illud
287 3753 324 3796 ita
339 3755 408 3798 unius
423 3754 484 3798 Cocl.
503 3754 662 3799 recentissimi
675 3753 713 3802 Ω.
730 3769 800 3812 quesn
814 3758 890 3801 secuti
905 3762 960 3800 sunt
971 3759 1015 3803 W.
1028 3757 1122 3803 Eicbst.
1142 3757 1213 3803 baud
1226 3761 1265 3803 itu
1277 3775 1330 3821 quu-

210 3836 302 3881 puem,·
319 3835 394 3880 saepe
412 3823 487 3867 etium
505 3837 585 3877 nunc,
606 3837 650 3879 pro
667 3838 714 3881 quo
729 3825 774 3869 Αι.
793 3826 824 3870 P.
845 3840 892 3870 non
906 3829 969 3871 tnale
987 3828 1063 3871 etium
1082 3835 1149 3872 tunc.
1173 3825 1251 3886 [quod
1277 3845 1330 3876 nnnc

212 3890 337 3950 praetuli.]
390 3889 451 3937 883.
471 3893 498 3937 in
510 3892 618 3949 eornnial
632 3896 665 3938 ita
677 3895 755 3939 Codd.
767 3895 828 3941 Edd.
844 3909 928 3939 ornnes
941 3895 1033 3941 Eichst.
1048 3898 1118 3955 idque
1132 3912 1218 3942 verram
1236 3914 1329 3945 censeo.

210 3961 276 4006 Puer
294 3962 395 4007 triennis
413 3963 536 4006 somnians
554 3967 645 4006 tantum
663 3978 790 4009 mammam
809 3966 912 4023 quaerit.
940 3965 1064 4011 insomnia
1078 3968 1152 4012 Wuk.
1167 3968 1232 4012 coni.
1248 3967 1329 4026 (,‚‹titt-

211 4032 278 4085 cilis,
293 4031 446 4089 querulus.”)
473 4031 522 4076 Per
541 4032 646 4077 similem
662 4027 815 4095 α’βλεψίαν
829 4049 911 4079 rerum
928 4037 1070 4079 naturalium
1087 4038 1146 4084 ilar,
1165 4037 1291 4083 luctantia
1306 4053 1330 4084 er

212 4098 314 4146 80088.
328 4101 412 4159 (etiam
421 4100 573 4157 E.)recepit.
622 4102 657 4147 lb.
677 4109 787 4161 quaeret.
803 4104 837 4147 lta
850 4104 926 4148 Codd.
942 4106 1000 4149 ilar.
1012 4105 1055 4150 W.
1076 4130 1109 4140 -
1128 4108 1287 4165 quuere'tAv.
1303 4108 1327 4151 L.

212 4167 271 4215 886.
284 4171 395 4217 tumn.
407 4185 420 4214 a
434 4185 471 4225 pr.
485 4184 519 4215 m.
534 4172 563 4216 Α.
574 4173 617 4215 W.
631 4172 651 4215 Α
662 4173 959 4229 sec.1n.inE.,superscr.
974 4188 990 4217 ιι
997 4186 1008 4227 ,·
1027 4180 1053 4219 ut
1067 4177 1098 4220 sit
1103 4174 1217 4238 florenta
1224 4189 1235 4230 ‚·
1249 4182 1273 4222 et
1283 4178 1328 4222 sie:
