2750 4744
195 200 256 262 212

194 359 307 420 Verba
329 367 426 439 togae
447 351 610 438 sequeris,
634 350 779 414 iunctura
802 348 933 413 callidus
956 348 1041 425 acri,

196 460 264 523 Ore
287 470 373 521 teres
395 455 542 530 modico,
567 453 722 535 pallentes
745 455 860 515 radere
882 473 989 517 mores

195 562 321 625 Doctus
344 572 374 622 et
395 559 536 643 ingenuo
559 557 683 637 culpam
707 554 847 639 deligere
867 555 959 618 ludo.

195 663 282 727 Hinc
303 664 413 736 trahe,
439 681 519 744 quae
540 659 647 721 dicas:
672 678 859 742 mensasque
882 657 1026 740 relinque
1049 656 1198 736 Mycenis

196 765 278 831 Cum
301 764 403 846 capite
426 761 636 843 etpedibus,
660 759 850 843 plebeiaqne
872 759 1006 840 prandia
1029 757 1153 822 noris.'’
1179 791 1221 802 -

195 870 272 930 Non
295 865 440 951 equidem
464 866 527 927 hoc
549 865 684 939 studeo,
709 862 834 924 bullatis
856 874 891 924 ut
914 861 990 924 mibi
1012 860 1105 946 nugis

198 968 322 1055 Pagina
345 979 509 1051 turgescat
531 968 607 1029 dare
628 967 755 1048 pondus
777 964 894 1029 idonea
915 964 1028 1039 lunto;

199 1070 322 1135 Secreti
343 1071 517 1154 loquimur.
563 1067 638 1131 Tibi
660 1088 763 1142 nrrnc,
787 1067 935 1129 hortante
959 1066 1120 1143 Camena,

197 1175 395 1238 Excutienda
419 1176 528 1234 damus
551 1168 760 1253 praecordia;
783 1180 964 1253 quantaque
986 1180 1115 1233 nostrae

199 1279 281 1340 Pars
303 1287 357 1338 tua
380 1274 437 1349 sit,
464 1273 628 1351 Cornute,
653 1271 789 1347 animae,
814 1271 892 1347 tibi,
918 1271 1018 1335 dulcis
1041 1270 1163 1346 amice,

200 1377 386 1443 Ostendisse
409 1377 508 1440 iuvat.
552 1376 674 1450 Pulsa,
699 1373 890 1457 dignoscere
913 1385 1022 1436 cautus

201 1479 287 1560 Quid
307 1479 441 1543 solidum
466 1490 577 1560 crepet
600 1489 630 1538 ct
651 1476 757 1558 pictae
778 1476 914 1539 tectoria
939 1474 1077 1560 linguae.

198 1585 262 1646 Hic
285 1601 350 1664 ego
373 1592 522 1644 centenas
544 1578 644 1643 ausim
668 1581 844 1660 deposcere
866 1599 983 1652 voces,

200 1686 264 1759 Ut,
289 1693 441 1767 quantum
464 1682 539 1744 mibi
561 1693 592 1744 te
614 1681 745 1745 sinuoso
767 1682 799 1743 in
821 1693 955 1762 pectore
976 1681 1049 1755 fixi,

199 1787 295 1850 Voce
316 1785 438 1847 trabam
460 1805 540 1865 pura
563 1795 730 1866 totumque
752 1785 816 1846 hoc
838 1785 936 1846 verba
959 1776 1143 1868 resignent,

201 1889 298 1967 Quod
319 1888 396 1951 latet
418 1907 529 1948 arcana
553 1906 617 1949 non
642 1887 821 1948 enarrabile
844 1885 937 1948 libra.
960 1918 1001 1929 —

200 1991 306 2069 Quom
329 1980 464 2070 primum
487 1988 604 2070 pavido
627 1999 736 2050 custos
759 1988 834 2050 mibi
856 2009 1001 2069 purpura
1024 1988 1117 2051 cessit
1280 1989 1320 2050 30
1366 2002 1367 2009 ’

199 2091 361 2175 Bullaque
384 2090 550 2153 succinctis
572 2089 714 2152 Laribus
738 2092 853 2154 donata
875 2090 1045 2171 pependit3

201 2193 306 2271 Quom
329 2193 436 2255 blandi
459 2190 611 2266 comites,
635 2203 766 2274 totaque
788 2190 916 2271 impune
939 2193 1083 2255 Snburra

200 2294 352 2358 Permisit
373 2292 533 2375 sparsisse⁴
549 2292 661 2357 oculos
683 2293 743 2355 iana
767 2293 916 2355 candidus
939 2294 1057 2356 umbo:

201 2396 371 2482 Quomque
391 2396 454 2458 iter
476 2394 654 2479 ambiguum
678 2406 726 2457 est
749 2406 779 2456 et
802 2395 885 2457 vitae
908 2394 1032 2457 nescius
1055 2416 1150 2459 error

201 2498 333 2560 Diducit
353 2497 492 2579 trepidas
514 2517 640 2560 ramosa
662 2496 694 2558 iu
717 2495 856 2578 compita
880 2508 1019 2572 mentes,
1279 2501 1319 2563 35

273 2712 315 2761 15.
343 2714 426 2775 terea}
451 2717 513 2762 Cod.
538 2730 597 2761 unus
618 2717 761 2762 Achaintrii.
788 2740 821 2751 -
849 2717 912 2761 teria
931 2717 1021 2762 Omnes
1042 2719 1099 2762 mei.
1138 2714 1180 2762 ll.
1203 2717 1320 2761 -dicer

200 2789 232 2831 V.
253 2787 412 2845 (incusatque
426 2785 515 2832 Omnes
534 2780 608 2847 mei.)
645 2784 686 2832 19.
708 2807 738 2819 -
757 2783 798 2830 lu'c
814 2785 901 2830 studeo
918 2787 971 2831 TA.
1009 2786 1046 2830 lb.
1065 2784 1179 2844 bullatis]
1199 2788 1319 2832 Tvsant.
1365 2834 1366 2837 ,

201 2877 236 2895 ι-
249 2856 358 2914 pullatis
376 2856 428 2899 RE.
448 2857 549 2912 „sicque
568 2856 716 2899 Cornutus.”
734 2856 762 2900 Ρ.
811 2853 853 2902 21.
874 2877 904 2889 ·-
923 2856 1023 2901 Sacrate
1044 2855 1076 2899 ll.
1126 2853 1168 2900 24.
1189 2855 1320 2901 dinoscere

200 2926 271 2970 Est.
289 2944 320 2961 -
338 2923 484 2968 dirnoaeere
499 2925 528 2969 ll.
576 2921 617 2969 25.
638 2923 753 2983 tectorio]
773 2925 870 2969 Tsant.
893 2945 920 2957 ·-
939 2926 1064 2982 plectoriu
1084 2925 1160 2969 RVE.
1199 2923 1242 2969 26.
1261 2923 1320 2982 Hic]

202 2995 276 3038 Tuv.
298 3013 326 3027 ··
349 2992 397 3038 Hie
415 2993 463 3038 ES.
474 3014 508 3027 -
520 2992 575 3037 Huc
587 2994 617 3037 Α.
638 2992 681 3038 28.
700 2992 745 3038 boc
762 2991 846 3052 verbu]
865 2994 918 3038 VE.
929 3014 961 3029 -
972 2993 1034 3038 boec
1053 3007 1074 3039 a.
1095 2995 1215 3039 TRSAM.
1236 2994 1273 3039 lb.
1286 3014 1321 3028 —

200 3065 315 3124 reeignet
331 3064 357 3108 S.
396 3059 437 3108 32.
461 3073 493 3107 .·“.·
514 3062 614 3107 Subura
628 3063 703 3107 ESM.
724 3087 757 3096 -
776 3062 865 3107 subire
883 3065 914 3109 V.
934 3083 968 3096 -
985 3062 1031 3108 eud
1051 3064 1139 3107 urnbru
1154 3064 1184 3109 ll.
1222 3061 1266 3108 33.
1286 3087 1319 3096 —

197 3122 324 3178 Permittit
340 3132 392 3179 TA.
433 3130 473 3181 34.
493 3153 520 3168 ι-
540 3131 685 3192 ambiguum
702 3138 726 3177 et
743 3133 775 3176 T.
794 3132 831 3176 lb.
852 3153 885 3167 -
904 3129 996 3177 horror
1014 3134 1044 3177 F.
1092 3130 1133 3179 35.
1152 3132 1270 3191 Diducit]
1288 3133 1319 3178 E.

198 3201 300 3246 deducit
317 3202 458 3247 TBVSAM.

271 3359 316 3427 ¹⁵2
338 3365 400 3407 teria
421 3364 450 3407 P.
501 3361 541 3407 ll.
562 3376 722 3421 aneneumque
744 3377 766 3408 r.
818 3360 859 3408 20.
884 3363 991 3423 pullatis
1009 3364 1038 3408 P.
1088 3361 1130 3409 26.
1151 3362 1200 3408 Hie
1217 3364 1318 3408 erW.

202 3429 244 3476 ³2.
264 3430 365 3477 Subura
383 3433 414 3477 P.

198 3524 348 3538 m

269 3574 311 3620 ll.
332 3574 413 3619 Verba
431 3580 505 3634 togae
528 3573 654 3634 sequeris]
673 3577 742 3635 Toga
760 3581 797 3621 est
814 3589 899 3633 purum
919 3576 1031 3631 pallium,
1063 3575 1141 3619 forma
1160 3578 1277 3629 rotunda,
1298 3581 1322 3620 et

197 3645 289 3690 iusiors
306 3649 375 3702 atque
394 3647 520 3689 inundante
539 3645 612 3702 sinu;
633 3651 658 3690 et
675 3645 719 3689 sub
735 3647 819 3691 dextro
838 3647 950 3699 veniens,
970 3657 1043 3699 super
1055 3645 1182 3689 humerum
1194 3647 1321 3689 sinistrum

197 3714 308 3768 ponitur:
329 3715 395 3757 cuius
413 3714 591 3758 similitudinem
607 3716 630 3758 in
650 3716 807 3769 operimentis
828 3716 1014 3759 simulacrorum
1030 3717 1067 3757 val
1088 3715 1237 3769 picturarum
1257 3715 1321 3770 aspi-

197 3784 291 3835 cimus,
311 3795 398 3838 easque
419 3787 509 3826 statuas
531 3788 623 3841 togatas
642 3797 765 3831 vocaauus.
812 3784 881 3843 Toga
898 3797 957 3828 vero
975 3784 1078 3827 Romani
1096 3785 1119 3826 in
1141 3796 1199 3837 pace
1219 3784 1321 3827 uteban-

196 3856 250 3905 tur,
270 3852 294 3894 in
305 3851 369 3895 bello
383 3853 563 3906 paludamentis.
589 3854 702 3897 Mensura
712 3859 782 3911 togae
796 3854 872 3899 iustae
885 3866 956 3897 senas
967 3854 1034 3897 ulnas
1045 3852 1156 3896 babebat.
1178 3849 1219 3894 22.
1236 3851 1321 3913 Quou-

197 3928 269 3979 tuque
284 3926 388 3964 nostroe
398 3920 463 3964 Pure
476 3925 519 3964 tue
536 3922 579 3974 eit,
594 3919 708 3977 Cornuto,
723 3921 833 3981 unimur]
855 3924 978 3967 Sententia
991 3922 1154 3981 aPythagora
1172 3926 1267 3975 tracta,
1287 3923 1322 3966 di·
1364 3940 1365 3943 ¹

196 3991 293 4033 midiam
308 3990 400 4033 animae
416 4002 472 4032 snae
490 3995 584 4043 partem
605 3993 662 4034 dicit
680 3993 827 4047 Cornutum,
860 3998 886 4037 ut
901 3992 1015 4035 Horatius
1033 3991 1073 4045 (C.
1096 3990 1120 4045 1,
1143 3988 1167 4043 3,
1188 3988 1225 4044 8.)
1265 3992 1322 4035 Vir·

198 4059 298 4115 gilium:
323 4055 356 4101 Et
379 4070 465 4101 errore
488 4057 588 4099 unimur
612 4058 746 4103 dianidium
763 4074 844 4105 meae.
887 4058 929 4105 31.
955 4060 1098 4105 Succinctis
1115 4058 1238 4117 Laribus]
1258 4061 1323 4118 Quia

198 4125 292 4168 Gabino
308 4125 528 4180 habituciuctuque
546 4125 691 4178 dilaceratos
710 4129 887 4184 tormabantur,
908 4130 1015 4173 obvoluti
1033 4135 1088 4188 toga
1105 4143 1178 4185 super
1193 4131 1323 4175 humerum

196 4193 335 4248 sinistrum,
367 4195 452 4237 dextro
480 4193 552 4235 nudo.
603 4190 644 4236 33.
665 4190 792 4241 ceaddae
823 4196 905 4258 umbo]
932 4194 1150 4259 συνεκδοχικῶς
1178 4213 1222 4255 pro
1252 4204 1320 4258 toga.

199 4261 311 4318 Alioquin
332 4267 355 4306 ct
370 4263 393 4304 in
413 4265 535 4315 praetexta
554 4261 667 4304 candidus
684 4262 755 4307 umbo
773 4270 819 4310 est.
