2750 4744
1109 182 1171 247 203

32 342 173 407 Sullnre
199 341 369 406 discutitur
391 360 485 405 sacro
509 361 603 424 qiiam
626 352 724 425 tuque
747 339 947 423 domitaque?
1130 340 1170 404 25

34 446 91 508 An
116 444 196 528 quia
218 466 284 508 non
305 442 396 506 fibris
420 440 530 508 ovium
553 444 770 526 Ergennaque
791 442 949 517 iubente,

34 547 154 611 Triste
178 547 263 609 iaces
286 545 364 608 lucis
386 545 632 626 evitandumque
655 544 813 619 bidental,

32 649 171 712 Idcirco
195 647 341 712 stolidam
362 647 497 728 praebet
521 644 579 708 tibi
603 647 723 709 vellere
745 648 877 710 barbam

32 749 216 832 Iuppiter?
238 780 279 793 ·-
301 760 354 811 ant
377 747 524 831 quidnam
548 759 615 823 cst,
641 769 702 831 quia
726 759 762 810 tu
785 752 930 813 mercede
952 752 1085 815 deorum

32 851 172 915 Emeris
196 849 379 913 auriculas?
400 884 441 896 —
464 851 616 931 pulmone
638 861 670 912 et
692 850 827 913 lactibus
850 852 978 916 unctis?
1001 887 1053 901 ..,
1130 853 1171 916 30

33 955 133 1016 Ecce
157 951 229 1015 aria
251 963 304 1014 anit
327 961 468 1013 metricus
491 951 597 1013 divum
622 961 792 1014 matertera
816 952 905 1016 cuuis

34 1054 177 1118 Exemit
199 1074 330 1134 puerum
355 1052 559 1136 frontemque
582 1063 675 1135 atque
698 1057 760 1116 uda
783 1054 897 1116 labella

34 1154 161 1219 Insami
185 1154 286 1235 digito
310 1165 342 1216 et
362 1154 546 1216 lustralibus
571 1166 641 1217 ante
664 1154 773 1218 salivis

34 1256 186 1338 Expiet,
210 1267 338 1318 urentes
363 1255 476 1319 oculos
497 1255 641 1319 inhibere
664 1257 785 1339 perita;

36 1361 142 1421 Tunc
164 1357 307 1419 inanibus
329 1357 431 1440 quatit
452 1368 483 1418 et
505 1378 593 1439 spem
617 1378 754 1421 macram
777 1359 921 1441 supplice
943 1371 1025 1424 voto
1131 1362 1171 1425 35

35 1462 141 1523 Nunc
163 1458 272 1521 Licini
295 1458 325 1521 in
347 1479 499 1538 campos,
526 1480 610 1522 utine
633 1457 742 1523 Crassi
766 1461 859 1524 mittit
880 1461 913 1524 in
937 1462 1043 1525 aedes.

35 1562 166 1636 „Hunc
188 1571 302 1641 optent
324 1581 475 1643 generum
498 1581 558 1623 rex
580 1571 611 1622 ct
633 1561 766 1644 regina!
790 1563 916 1643 puellae

35 1665 143 1725 Hunc
165 1661 306 1743 rapiant!
331 1661 487 1744 quidquid
508 1663 681 1725 calcaverit
703 1664 776 1739 hic,
801 1687 876 1730 rose
897 1667 1000 1731 fiat!”
1025 1700 1065 1712 -·

35 1767 108 1829 Ast
131 1785 195 1848 ego
219 1764 334 1826 nutrici
356 1786 419 1827 non
443 1767 556 1827 mando
578 1754 675 1840 rota3
700 1778 837 1850 negato,

36 1865 213 1947 Iuppiter,
238 1867 316 1927 haec
337 1865 403 1941 illi,
428 1866 573 1950 quamvis
595 1878 626 1929 te
649 1869 753 1931 albata
775 1869 916 1953 rogarit!

36 1967 162 2031 Poscis
186 1987 279 2047 opem
302 1966 408 2028 nervis
432 1988 618 2050 corpusque
640 1969 734 2031 fidele
757 1982 923 2035 senectaec

36 2071 128 2133 Esto
152 2089 229 2152 age3
254 2071 311 2131 sed
331 2067 467 2152 pingues
490 2068 615 2150 patinae
637 2080 806 2154 tucetaqne
828 2092 936 2135 crassa

116 2257 161 2305 25.
183 2281 212 2292 -
233 2257 359 2316 sunam
375 2262 407 2304 V.
428 2283 461 2293 ·-
479 2258 591 2320 Fulgura
608 2261 637 2306 F.
694 2260 736 2307 26.
752 2272 784 2295 -Ι-
803 2277 946 2324 ergenaque
968 2267 1027 2312 TM.
1071 2264 1113 2312 33.
1134 2286 1168 2303 ι-

38 2329 128 2390 digito
138 2328 290 2374 lustralibus
302 2329 333 2373 Τ.
373 2325 414 2372 34.
436 2350 468 2364 -
484 2339 631 2388 urentesque
650 2333 681 2375 V.
720 2329 761 2377 35.
782 2353 815 2364 -
829 2331 894 2377 Tum
906 2347 974 2380 man.
993 2337 1024 2381 T.
1047 2357 1076 2369 -
1096 2335 1169 2381 Hunc

37 2413 112 2443 man.
134 2397 166 2442 E.
187 2397 223 2442 lb.
241 2419 270 2429 -
291 2398 403 2454 supplici
420 2397 452 2443 Τ.
473 2394 514 2442 36.
535 2422 566 2432 -
586 2398 621 2443 ad
637 2399 713 2444 aedes
731 2400 761 2445 R.
783 2397 824 2446 37.
844 2402 937 2461 aptent]
955 2405 1034 2450 ΕΑΜ.
1055 2429 1088 2440 -
1106 2412 1172 2463 optet

38 2469 140 2512 TRVS.
171 2463 329 2512 39.-Haee
347 2478 395 2525 ega
413 2467 442 2510 1¹¹.
475 2464 517 2512 40.
533 2465 619 2512 -ltoe
632 2469 672 2512 illi
690 2470 720 2513 T.
741 2469 947 2531 lb.-qaamcis
965 2475 1050 2519 albata
1068 2475 1172 2535 negabit

38 2536 100 2592 (sic)
130 2536 163 2580 R.
218 2532 261 2579 tt.
288 2555 322 2568 -
350 2534 435 2580 Poscit
462 2535 516 2584 VE.
572 2534 615 2582 42.
640 2539 753 2599 pingues
770 2539 840 2599 pat]
860 2541 912 2589 ΤΑ.
932 2563 962 2584 ,-
982 2543 1096 2604 grandes
1113 2550 1169 2602 pat.

38 2706 200 2719 n

114 2765 161 2810 25.
181 2764 306 2823 Sulphure
324 2767 367 2811 W.
419 2762 458 2815 35.
479 2762 544 2812 Tam
564 2769 607 2814 W.
645 2764 687 2816 ³9.
706 2770 813 2827 mando,
834 2777 889 2815 eata
906 2778 999 2832 negato
1015 2786 1048 2818 w.
1067 2773 1104 2832 (et
1123 2775 1171 2830 Μ.)

37 2834 85 2881 42.
106 2834 224 2896 grandes
239 2836 343 2893 patinae
360 2849 405 2884 rw.

38 2938 204 2952 *n—

115 2995 161 3043 26.
182 2996 221 3042 An
230 2999 289 3058 qaia
298 2997 441 3061 nonfibrie]
452 2999 477 3044 In
490 3014 532 3044 usu
544 2999 590 3045 fuit
597 3032 604 3055 ,
620 3005 645 3044 ut
656 3013 759 3058 augures
772 3001 810 3044 rel
819 3001 941 3056 aruspices
955 3003 1048 3046 adducti
1059 3004 1086 3047 de
1099 3004 1170 3048 Enu-

34 3069 93 3122 ria,
112 3068 189 3112 certis
203 3069 350 3124 temporibus
366 3070 465 3112 fulmina
479 3068 648 3129 transfigurata
661 3071 684 3113 in
699 3069 788 3122 lapides
803 3069 865 3112 iufra
878 3074 968 3113 terram
978 3073 1169 3127 absconderent,

35 3139 111 3181 caius
130 3138 298 3192 impetratione
310 3139 336 3193 (l.
348 3140 375 3182 in
381 3139 536 3196 patratione)
549 3141 585 3184 rei
599 3152 655 3182 oves
673 3138 867 3182 immolabantur.
906 3135 947 3181 27.
961 3136 1090 3197 Bidental]
1104 3142 1170 3185 locus

35 3220 115 3250 sacro
136 3219 265 3261 percussus
283 3206 398 3261 fulmine,
419 3208 457 3264 qui
475 3207 569 3252 bidente
583 3208 612 3251 ab
630 3206 780 3261 aruspicibus
798 3211 967 3260 consecratur,
988 3222 1056 3264 quem
1076 3212 1170 3254 calcare

34 3275 112 3319 nefas
133 3280 179 3319 est.
234 3272 275 3320 36.
295 3275 402 3320 Licinius
423 3277 527 3321 Crassus
552 3278 616 3321 inter
634 3277 755 3320 Romanos
777 3276 998 3330 locupletissimus,
1024 3278 1078 3322 ideo
1097 3278 1171 3323 Diras

33 3347 238 3402 cognominatus.
276 3345 323 3389 atti
345 3347 429 3390 volunt
454 3346 565 3390 Licinum
588 3352 713 3390 tonsorem
737 3358 765 3388 ac
792 3344 905 3388 libertum
931 3344 1032 3405 Augusti
1058 3348 1170 3392 Caesaris

33 3411 177 3471 significari
206 3415 377 3471 praedivitem
409 3416 476 3458 cuius
499 3420 678 3460 monumentum
708 3419 745 3458 est
773 3414 873 3468 pretiosi
903 3416 985 3470 operis
1013 3416 1050 3458 riu
1077 3418 1170 3460 Salaria

34 3495 120 3537 prope
147 3480 250 3538 Urbem,
279 3486 308 3526 acl
337 3484 439 3538 lapidem
458 3486 595 3529 secundum.
632 3484 667 3528 De
686 3484 731 3527 boc
746 3496 793 3526 non
811 3484 961 3527 invenustum
980 3485 1099 3529 Varronis
1121 3487 1171 3540 epi·

33 3564 155 3608 gramma
169 3551 261 3596 fertur:
286 3549 432 3598 Marmorea
449 3552 555 3598 Licinus
573 3554 667 3598 tumulo
686 3553 769 3596 iacet:
794 3558 821 3596 at
838 3549 897 3596 Cata
918 3565 1015 3609 parco;
1038 3551 1171 3612 Pompeiae

33 3620 131 3664 nullo:
153 3619 280 3664 credimus
298 3635 354 3665 ease
372 3621 454 3666 deas?
489 3624 540 3677 (Sic
558 3623 626 3668 Reiz.
647 3638 659 3667 e
677 3622 793 3666 varietate
810 3621 876 3666 Pith.
898 3643 928 3654 -
949 3622 1005 3680 quie
1025 3628 1096 3680 putet
1114 3638 1171 3668 ease

34 3688 124 3734 deae?
143 3687 219 3742 Pith.)
239 3686 280 3734 39.
301 3688 357 3735 Non
372 3690 474 3750 mando]
494 3691 576 3737 Verbo
595 3705 651 3736 usus
672 3696 708 3735 est
728 3691 882 3746 aruspicum,
902 3688 949 3747 (sic
967 3691 1035 3736 Reiz.
1057 3714 1086 3724 -
1106 3707 1172 3738 ara-

34 3758 116 3814 apico
133 3757 198 3804 Pith.
210 3758 280 3803 nort.
292 3759 462 3817 aruspicina.)
474 3774 545 3818 quom
555 3761 590 3806 eis
604 3762 705 3806 dicitur:
720 3758 815 3805 Mando
822 3760 884 3814 tibi,
898 3758 1015 3805 Maxime
1027 3793 1033 3815 ,
1060 3761 1171 3807 ailonem

34 3826 124 3871 adeas
136 3824 182 3883 (sic
192 3825 261 3872 Reiz.
269 3847 302 3863 -
313 3842 347 3872 m.
359 3835 389 3888 t.‚
400 3830 575 3874 utmascimum
586 3829 666 3874 locem
677 3827 778 3873 audias.
789 3830 854 3873 Pith.
875 3830 985 3874 Brisaon.
998 3829 1028 3874 de
1031 3827 1114 3890 form.
1124 3832 1170 3877 Ed.

34 3896 119 3939 Bach.
141 3909 165 3951 p.
189 3892 257 3950 tlt..)
302 3897 335 3943 tn
358 3900 556 3953 quemadmodum
586 3899 763 3954 procurationis
788 3900 891 3944 assertio
915 3900 961 3952 sit,
993 3901 1026 3944 ita
1043 3899 1085 3944 liat
1102 3905 1126 3943 et
1146 3901 1171 3943 in

33 3965 122 4008 sacris
143 3970 167 4008 et
188 3964 212 4008 in
233 3979 316 4020 prece.
365 3969 421 4022 (Vr.
442 3970 510 4013 etin
528 3968 614 4013 sacris
632 3982 682 4014 om.
699 3966 779 4023 Reiz.)
828 3965 871 4013 42.
893 3967 988 4012 Taeeta
1007 3970 1067 4023 apud
1086 3968 1170 4011 Gallos

33 4034 183 4088 Cisalpinos
204 4033 293 4078 bubula
314 4036 418 4090 dicitnr,
444 4038 602 4082 condimentis
620 4037 762 4096 quibusdam
786 4039 876 4082 crassis
892 4038 967 4082 oblita
986 4052 1014 4081 ac
1033 4041 1167 4079 iciacensis:

33 4107 60 4147 et
84 4103 145 4147 ideo
167 4108 218 4146 toto
245 4117 307 4147 anno
330 4106 409 4149 durat.
458 4108 526 4150 Solet
541 4107 613 4150 etiam
634 4107 732 4162 porcina
751 4107 835 4151 eodem
856 4120 944 4164 genere
963 4106 1057 4149 condita
1078 4103 1170 4147 servari

32 4177 79 4215 aut
100 4173 133 4214 ad
159 4177 296 4218 saturarum
324 4175 386 4219 iura.
425 4174 485 4218 llinc
514 4175 609 4219 Plotius
636 4176 734 4233 Virgilii
755 4177 846 4219 arnicas
865 4176 889 4217 in
911 4174 993 4219 eadem
1013 4170 1113 4227 regione
1134 4176 1171 4213 est

32 4241 184 4305 nominatus
200 4242 289 4286 Tucca.
311 4242 358 4300 (sic
376 4243 444 4288 Reiz.
465 4245 493 4288 de
513 4244 617 4289 (lasaub.
637 4245 700 4291 coni.
722 4264 751 4275 -
771 4242 866 4286 Tuccia
883 4237 961 4292 Pith.)
