2750 4744
225 185 287 249 222

225 340 377 426 Quisquis
400 338 476 416 cris,
499 336 640 421 paullum
663 355 680 395 a
703 334 798 396 turba
818 330 983 396 seductior
1005 332 1102 396 audi:

224 447 408 522 ‚,01›0ne,
434 463 508 505 uum
531 435 689 524 ignoras?
711 435 803 500 missa
828 447 875 498 est
898 456 915 498 a
939 433 1081 500 Caesare
1103 435 1213 499 laurus

222 549 383 632 Insignem
406 547 450 609 ob
472 543 593 605 cladem
616 541 793 603 Germanae
815 537 909 621 pubis
931 550 963 602 et
985 538 1049 601 aris

222 650 374 736 Frigidus
397 645 557 710 excutitur
578 643 677 706 cinis:
702 663 739 705 ac
760 641 821 704 iam
844 642 991 725 postibus
1014 662 1117 719 arma,
1294 645 1332 706 15

222 756 289 818 Iam
313 752 493 830 chlamydes
517 769 649 833 regum,
674 742 843 808 iam'lutea
866 765 1009 826 gausapa
1031 746 1133 827 captis

222 859 407 938 Essedaque
429 852 638 935 ingentesque
661 849 746 911 locat
769 845 929 911 Caesonia
953 849 1099 911 Rhenus.

221 960 282 1024 Dis
303 958 403 1044 igitur
426 953 596 1037 Genioque
619 951 708 1014 ducis
730 961 857 1012 centum
879 949 969 1030 paria
993 952 1035 1013 ob
1058 971 1111 1014 res

222 1060 366 1146 Egregie
390 1069 494 1143 gestas
517 1056 646 1118 induco.
669 1084 711 1095 -
735 1052 815 1132 Quis
839 1051 951 1115 vetat?
975 1056 1071 1116 aude!

220 1166 310 1229 Vae!
332 1161 392 1225 nisi
414 1158 583 1224 connives!
607 1157 712 1219 oleum
736 1165 963 1239 artocreasque
986 1157 1119 1238 popello
1300 1158 1337 1221 50

123 1240 129 1253 ’
221 1265 378 1351 Largior.
401 1264 453 1326 An
469 1258 651 1344 prohibes?
674 1258 724 1321 dic
739 1259 874 1322 clarel''
898 1260 997 1331 „Nou
1009 1259 1133 1333 adec‚''
1150 1258 1268 1345 inquis.
1281 1293 1317 1307 -

222 1372 427 1444 „Exossatus
451 1386 531 1449 ager
552 1362 642 1426 iuxta
664 1372 725 1424 est.
772 1364 866 1444 Age,
891 1361 919 1423 si
943 1361 1018 1424 mihi
1039 1363 1124 1425 nulla

220 1474 288 1536 Iam
311 1469 434 1553 reliqua
460 1465 644 1540 sunamitis,
669 1464 822 1545 patruelis
845 1464 947 1540 nulla,
972 1465 1140 1547 proneptis

221 1575 318 1639 Nulla
341 1582 445 1647 manet
466 1568 588 1651 patrui,
614 1567 730 1630 sterilis
754 1579 922 1630 matertera
946 1565 1046 1642 vixit,

220 1677 333 1760 Deque
356 1674 424 1737 avia
449 1672 578 1734 nihilum
602 1680 766 1752 superest,
791 1672 911 1733 accedo
934 1671 1079 1733 Bovillas
1298 1674 1334 1737 55
1366 1722 1367 1757 3

222 1777 417 1860 Clivunrquc
442 1777 479 1837 ad
502 1773 618 1848 Virbi3
642 1783 776 1855 praesto
798 1784 848 1835 est
870 1772 944 1836 inibi
966 1773 1098 1837 Manius
1119 1775 1251 1839 beres.”
1274 1807 1309 1818 -

219 1882 424 1964 „Progenies
440 1875 598 1940 terrae?’'
621 1911 662 1923 -
684 1876 836 1955 „Quaere
854 1896 894 1937 ex
910 1897 979 1953 rue,
1005 1875 1076 1960 quis
1098 1877 1174 1939 mihi
1190 1890 1316 1960 quartus
1366 1888 1367 1947 j

219 1983 270 2048 Sit
286 1995 396 2065 pater,
420 1983 504 2043 haud
519 1989 688 2062 prompte,
713 1978 814 2041 dicam
830 1990 947 2041 tamen.
983 1980 1078 2043 Adde
1094 1980 1188 2043 etiam
1204 2001 1314 2055 arnum,

219 2087 323 2150 Unum
348 2083 462 2147 etiam:
487 2093 592 2145 terrae
614 2079 744 2145 estium
767 2080 851 2143 filius
873 2092 905 2144 et
928 2081 1002 2144 mihi
1022 2082 1088 2145 ritu

217 2187 349 2251 Manius
371 2185 423 2248 hic
446 2184 573 2269 generis
596 2204 700 2266 prope
722 2183 826 2247 maior
847 2184 1022 2247 aviiuculus
1044 2184 1126 2247 exit.
1149 2218 1191 2229 -
1300 2184 1336 2247 60

219 2287 284 2370 Qui
305 2287 397 2371 prior
419 2308 470 2364 es,
495 2309 553 2350 cur
575 2308 623 2349 me
645 2285 679 2348 in
701 2287 837 2348 decursu
859 2285 1004 2368 lampada
1027 2286 1159 2368 poscis?

219 2393 295 2454 Sum
319 2390 376 2454 tibi
399 2389 600 2454 Mercurius:
628 2387 722 2450 venio
746 2390 821 2450 deus
844 2390 909 2450 huc
930 2410 1021 2472 ego,
1048 2400 1083 2451 ut
1104 2389 1157 2452 ille

220 2492 383 2576 Pingitur.
429 2494 481 2556 An
503 2490 634 2554 renuis?
657 2490 709 2552 viu
730 2501 764 2552 tu
788 2493 928 2572 gaudere
951 2490 1122 2554 relictis?’'
1146 2525 1188 2536 -

217 2596 341 2670 „Deest
356 2594 474 2678 aliquid
488 2593 662 2657 summae.'’
685 2627 727 2638 —
750 2638 764 2667 „
773 2592 879 2655 Minui
894 2593 990 2658 mibi:
1014 2598 1069 2657 sed
1084 2594 1144 2658 tibi
1161 2608 1265 2661 totum
1279 2607 1333 2672 est,

220 2696 382 2781 Quidquid
412 2696 445 2760 id
474 2707 534 2760 est.
580 2694 645 2761 Ubi
670 2694 727 2772 sit,
766 2695 845 2781 luge
873 2717 1046 2781 quaerere,
1083 2702 1172 2783 quod
1203 2699 1280 2762 mihi

978 2803 1140 2884 quondam
1300 2802 1334 2865 65
1364 2836 1365 2841 1

287 2998 329 3046 62.
350 3025 382 3035 -
401 3006 445 3044 out
461 2999 534 3044 turba
554 3000 585 3045 E.
638 2997 681 3044 47.
703 3022 733 3033 -
748 3003 844 3060 puppis
863 3015 985 3058 snperscr.
1002 3001 1078 3060 pubis
1097 3002 1127 3046 11.
1174 3003 1212 3052 lb.
1232 3026 1258 3037 -
1278 3004 1334 3047 asie

215 3072 245 3116 11.
267 3084 391 3127 superscr.
411 3070 476 3114 urie.
514 3066 557 3114 tt.
578 3090 614 3102 -
632 3075 658 3113 at
673 3070 725 3113 inm
743 3070 773 3115 11.
811 3068 853 3115 16.
873 3092 909 3104 -
926 3084 1044 3131 gausapa
1062 3071 1136 3117 victis
1154 3072 1207 3116 RE.
1248 3070 1291 3118 67.
1310 3091 1334 3106 -
1363 3076 1364 3135 l

216 3141 332 3201 ingentes
349 3141 417 3184 locat
435 3145 459 3184 et
476 3135 503 3182 0.
524 3139 577 3183 ΤΔ.
614 3139 650 3183 lb.
671 3158 706 3172 -
722 3152 799 3183 renea
817 3140 848 3185 R.
887 3138 929 3185 49.
949 3161 981 3176 -·
995 3142 1053 3200 quie
1070 3147 1142 3186 coeat
1158 3141 1190 3186 E.
1229 3139 1335 3187 51.Nou

213 3208 288 3270 adeo]
306 3211 361 3255 Tv.
388 3229 418 3242 -·
444 3221 494 3253 uon
516 3206 596 3252 audeo
621 3208 701 3253 RAM.
722 3229 751 3241 -
771 3206 841 3253 houd
857 3208 937 3253 audeo
954 3209 985 3255 E.
1040 3208 1082 3256 52.
1103 3233 1136 3246 -
1154 3224 1204 3271 age
1223 3213 1263 3255 vel
1280 3207 1335 3255 mitt

215 3280 251 3325 td.
290 3276 332 3324 53.
356 3301 383 3311 -
403 3277 443 3322 De
458 3277 557 3336 reliqua
575 3278 605 3324 11.
652 3274 694 3322 66.
714 3295 747 3310 -
765 3283 902 3322 matertera
920 3279 994 3324 iuxta
1012 3280 1044 3322 V.
1082 3276 1123 3325 55.
1145 3299 1180 3314 -
1198 3280 1291 3326 aceede
1307 3279 1333 3323 T.

216 3345 258 3393 56.
289 3368 317 3380 -
342 3343 483 3406 Gliruruque
507 3345 621 3391 adverbii
646 3346 675 3391 R.
730 3347 768 3391 lb.
794 3366 829 3380 -
849 3353 955 3407 praesto
972 3346 1036 3392 mihi
1053 3349 1084 3397 Τ.
1133 3347 1176 3394 58.
1196 3372 1231 3382 -
1250 3349 1334 3397 addan

214 3416 244 3460 Ε.
284 3413 325 3460 61.
348 3438 376 3448 -
393 3429 489 3475 poscae
506 3417 536 3460 R.
576 3412 617 3462 63.
638 3437 674 3452 -
690 3416 728 3460 vie
748 3417 786 3462 M.

283 3556 326 3605 51.
344 3557 403 3605 Non
420 3558 500 3604 audeo
517 3559 548 3605 P.
585 3556 627 3604 61.
644 3571 739 3617 porcae
756 3559 787 3605 Ρ.

284 3700 326 3765 56.
347 3697 489 3760 &tortuque
506 3700 543 3746 nd
560 3699 642 3763 Virde']
662 3704 780 3761 Quattuor
805 3703 911 3748 millibus
935 3702 966 3746 ab
991 3701 1050 3747 urbe
1078 3708 1115 3748 est
1140 3703 1220 3747 Virbii
1247 3706 1334 3757 clivus,

194 3779 260 3830 ‘qua
283 3772 330 3815 iter
354 3775 392 3815 est
411 3771 440 3813 ad
465 3771 572 3820 Ariciam
595 3774 668 3819 etad
687 3786 770 3818 nemus
788 3773 896 3827 Dianae,
925 3772 964 3815 nbi
988 3772 1089 3817 Virbius
1108 3774 1211 3827 colitur,
1245 3776 1272 3819 id
1290 3779 1334 3826 est,

212 3841 373 3897 hippolytus,
407 3841 469 3897 qnod
484 3840 521 3885 bis
540 3842 564 3887 in
588 3843 664 3886 vitam
689 3845 796 3898 prolatus
818 3843 859 3887 sit.
896 3840 958 3885 Nota
977 3845 1058 3886 autem
1076 3843 1138 3897 apud
1154 3843 1291 3900 Virgilium
1307 3844 1334 3886 ia·

212 3910 270 3955 bula
299 3915 345 3954 est.
383 3909 454 3966 (hen.
481 3907 511 3964 7,
531 3908 591 3956 765.
612 3909 682 3966 777.)
703 3913 765 3957 «lb.
791 3907 907 3969 Munius]
934 3911 1043 3955 Maniam
1071 3912 1130 3956 dicit
1158 3911 1300 3958 deformem
1318 3916 1336 3955 et

212 3980 321 4038 ignotum
338 3979 478 4031 bominem,
504 3992 534 4023 eo
552 3982 616 4035 quod
633 3981 729 4026 Maniae
748 3982 859 4026 dicuntur
874 3981 981 4024 indecori
998 3982 1078 4025 saltus
1096 3994 1234 4038 personae,
1257 3983 1335 4041 quibus

212 4049 281 4102 pueri
299 4052 429 4097 terrentur.
480 4042 521 4092 61.
540 4044 590 4104 Qui
610 4048 686 4103 prior
709 4063 757 4104 ee,
788 4065 834 4095 eur
852 4047 901 4108 rue]
922 4050 990 4105 Apud
1013 4050 1119 4095 Athenas
1147 4063 1221 4108 quom
1245 4054 1335 4098 invenes

213 4115 283 4162 ludos
309 4130 381 4161 cursu
408 4114 580 4167 celebrabant„
611 4116 651 4170 qni
674 4116 751 4161 victor
773 4125 853 4174 esset,
883 4120 975 4173 primus
998 4119 1077 4164 farem
1103 4121 1222 4175 tollebat,
1257 4122 1335 4167 deinde

214 4185 321 4240 sequenti
339 4197 373 4229 ,66
396 4183 506 4227 tradebat
529 4186 553 4225 et
577 4184 694 4228 secundus
716 4189 803 4233 tertio:
836 4187 947 4234 similiter
967 4202 1069 4245 omues,
1095 4192 1171 4237 donec
1191 4193 1335 4238 currentius

215 4264 328 4296 numerus
347 4251 495 4306 impleretur.
