2762 4762
586 360 641 425 87.

64 460 226 546 Diogenes
242 461 327 526 situs
349 461 401 526 uie
421 461 547 544 sapiens
569 462 676 540 canis,
701 463 753 527 ille
776 462 859 527 virili

115 566 257 627 Pectore
280 563 335 648 qui
356 565 443 628 vitae
466 562 570 627 velitis
594 554 705 627 auctor
727 576 809 633 erat.

61 664 141 745 Unus
163 664 216 727 cui
238 667 387 741 baculus,
413 685 490 747 pera
513 686 572 726 atne
596 677 628 728 et
650 665 766 746 diplois
790 686 871 729 tina:

114 767 208 828 Haec
229 765 333 828 animo
354 764 443 849 frugi
464 765 583 849 quiippe
604 765 696 829 lucre
718 767 808 831 sutis.

61 865 193 941 Vesuui,
218 887 335 930 moneo
356 868 471 949 procul
493 868 557 929 hoc
581 866 724 930 absistite
748 871 860 932 busto:

113 970 218 1031 Ferre
242 967 430 1051 Sinopensis
452 966 553 1031 nescit
575 979 607 1031 et
628 971 739 1031 umbra
762 969 876 1033 malos.

579 1098 639 1188 se.

59 1238 210 1324 Diogenis
233 1238 387 1322 sapientis
410 1261 488 1324 opes
510 1253 582 1305 stunt
604 1263 700 1325 pera,
729 1242 875 1320 lacerna,
941 1325 946 1336 Ι

115 1342 246 1424 Scipio;
269 1343 355 1404 nttlla
377 1341 439 1405 suit
461 1343 525 1406 vita
549 1357 678 1407 onerata
703 1343 817 1406 miuus.

60 1441 107 1504 llil
130 1442 206 1525 liqui
229 1442 363 1506 tellure:
388 1443 460 1507 lero
483 1466 550 1507 mea
573 1460 686 1508 cuncta
710 1442 888 1508 Cltaronti:

113 1544 211 1608 Mota
233 1554 287 1606 tua
309 1543 468 1629 excipiat,
494 1545 657 1623 cerbere,
681 1549 781 1609 calida
803 1567 926 1609 canem.

584 1704 640 1768 89.

59 1817 200 1881 Plutonis
221 1816 318 1902 rigidi
340 1830 426 1885 tetro
449 1820 557 1906 gravis
581 1842 640 1886 ore
662 1822 823 1900 minister,

115 1921 179 2000 Qui
201 1921 292 2004 nigra
315 1923 429 1985 transis
451 1925 535 1986 httuc
555 1926 741 1989 Acheronta
764 1937 853 1999 rate,
883 1962 885 1967 ·

57 2017 230 2102 Diogenem
254 2044 325 2098 me,
350 2044 491 2107 quaeso,
517 2045 623 2087 canem
647 2026 739 2088 sinurl
761 2025 889 2106 accipe,
918 2044 1107 2107 qutumquam

113 2123 304 2185 Urrrbrarum
328 2135 439 2205 portat
463 2123 517 2186 vix
539 2137 591 2187 tua
615 2126 705 2188 navis
728 2147 822 2189 ouus.

56 2219 233 2302 Ampullam
257 2244 429 2307 penemque
450 2226 522 2288 lero
547 2239 752 2310 veteremque
776 2226 930 2287 lacernam
1145 2226 1164 2285 5

114 2325 224 2405 Atque
248 2325 398 2402 obolum,
424 2346 547 2389 merces
570 2348 650 2410 quae
674 2339 743 2402 tua,
766 2338 898 2402 vector,
927 2325 1001 2391 erit.

56 2423 182 2500 Diuisio,
207 2445 289 2505 quae
312 2424 424 2489 virens
447 2427 564 2503 habui,
589 2429 659 2491 lero
681 2426 766 2491 Ditis
788 2432 828 2490 ad
849 2428 970 2503 atulam,

115 2527 181 2588 Res
203 2526 264 2588 sub
286 2528 355 2589 sole
368 2570 378 2604 ,
400 2524 462 2590 suit
485 2550 567 2613 quiae
589 2551 678 2607 mea,
703 2532 787 2593 uuella
810 2542 927 2594 manu.

578 2668 632 2731 90.

52 2780 150 2856 Pera,
175 2782 303 2846 lacerna
325 2785 445 2883 duplex
468 2796 499 2848 et
523 2807 622 2870 aquae
643 2787 793 2871 permista
816 2789 966 2870 polenta,

112 2885 154 2945 Et
177 2886 310 2948 baculus
333 2909 479 2970 gressum
501 2889 555 2972 qui
578 2889 662 2972 regit
684 2898 756 2953 aute
779 2892 899 2971 pedes,

52 2985 213 3067 'festaque
235 3007 296 3066 pro
319 2990 454 3067 cyatho,
478 2989 628 3071 sapientis
651 3001 718 3053 tota
741 2994 910 3073 suppellex
1025 3065 1029 3071 ¹

111 3087 203 3148 Haec
224 3086 312 3149 cauis
335 3099 402 3151 est:
425 3100 456 3152 et
477 3088 508 3152 in
531 3090 579 3152 his
602 3094 688 3174 quod
710 3094 881 3174 superabat
903 3105 985 3155 erat.

50 3184 184 3249 Viderat
206 3186 402 3270 agricolam,
427 3190 504 3252 caua
527 3190 579 3252 cui
601 3213 710 3255 manus
731 3192 878 3257 hauserat
900 3190 1034 3268 undam,
1149 3194 1169 3255 5

112 3289 246 3370 Teque,
271 3289 332 3367 ait,
357 3290 434 3353 heus
455 3292 576 3354 frustra
598 3311 656 3356 cur
678 3314 761 3378 ego,
786 3304 882 3370 testa,
906 3293 1006 3358 sero?

581 3430 635 3495 91.

48 3546 135 3609 Aera
158 3545 225 3609 dies
247 3547 368 3628 perlit:
392 3550 448 3612 sed
468 3569 583 3612 nomen
606 3553 924 3635 grande-decusque,
1024 3554 1029 3563 ‘

108 3647 296 3730 Diogenes,
322 3648 460 3712 adiment
482 3652 589 3714 secula
611 3652 696 3714 nulla
718 3651 788 3714 tibi.

49 3745 207 3811 Mortales
230 3760 264 3811 tu
285 3771 420 3832 namque
442 3753 557 3827 doces,
581 3753 657 3816 satis
680 3772 749 3815 esse
771 3762 883 3832 putare
992 3736 1001 3744 .

108 3848 207 3928 Quod
228 3849 304 3913 satis
326 3862 358 3915 et
381 3851 464 3915 vitae
485 3873 548 3917 nou
571 3873 708 3916 onerare
732 3851 827 3917 viam.

578 3989 631 4053 92.

50 4103 148 4177 Risit,
172 4115 208 4167 ut
230 4106 361 4171 iulernis
385 4107 543 4173 Croesum
566 4111 736 4192 conspexit
759 4111 791 4175 iu
814 4116 951 4192 cimbris,

109 4206 267 4271 Nimirum
290 4210 415 4293 sapiens
440 4222 516 4273 tunc
537 4233 686 4297 quoque,
710 4213 892 4299 Diogenes,
