2736 4748
199 174 262 241 att

119 371 122 377 ,
198 335 333 397 Laetum
355 324 548 404 hilaremque
569 317 672 394 diem,
696 337 736 380 ne
757 334 890 399 magnae
912 310 1027 397 gaudia
1049 332 1168 378 coenae

200 431 378 506 sentirent,
400 422 512 507 positis
535 423 575 484 ad
595 419 712 501 templa
735 428 768 480 et
788 415 927 498 compita
950 413 1066 479 mensis
1161 468 1164 473 .

199 529 421 614 Pervigiliqne
439 536 536 597 toro,
562 542 655 605 quem
677 531 772 584 nocte
793 538 832 581 ac
852 518 923 580 luce
945 516 1100 579 iacentem

200 632 358 714 Septimus
380 629 498 690 interea
517 624 577 687 Sol
598 621 731 685 invenit.
774 617 922 684 Horrida
946 638 1021 680 sane

200 737 391 817 Aegyptus:
414 728 468 790 sed
489 723 637 798 tutatuta,
661 733 811 804 qnantum
832 719 904 800 ipse
926 717 1059 796 notavi,

200 837 344 901 Barbara
366 831 491 894 iamoso
513 847 578 888 uon
599 822 685 888 cedit
704 824 800 886 turba
825 821 979 902 Canopo.

201 938 296 1003 Adde
318 934 406 1017 quod
428 941 460 993 et
480 926 582 992 iacilis
605 923 739 989 victoria
761 926 801 987 de
823 920 954 986 madidis
975 930 1008 983 et

201 1035 327 1104 Blaesis
349 1043 444 1118 atque
467 1049 555 1093 mero
577 1025 796 1090 titubantibus.
840 1024 919 1087 inde
940 1022 1087 1086 virorum

202 1141 341 1204 Saltatns
364 1133 459 1218 nigro
482 1129 629 1202 tibicine,
652 1126 883 1212 qtsaliacnnqne

202 1241 372 1323 Unguenta
396 1246 427 1297 et
447 1233 547 1297 florea
569 1230 747 1311 munitaeque
768 1226 800 1289 in
821 1227 929 1290 ironte
951 1244 1114 1299 coronae3

201 1341 289 1406 Hinc
309 1336 446 1400 ieiunum
470 1332 590 1397 odium.
634 1331 699 1393 Sed
719 1327 824 1412 iurgia
846 1327 947 1410 prima
969 1346 1095 1389 sonare-

202 1439 365 1522 lncipiunt
386 1434 496 1501 animis
517 1430 719 1504 ardentibus3
741 1432 821 1492 bace
842 1426 1062 1493 tribunitiam:

202 1544 287 1610 Dein
309 1542 448 1603 eiamore
470 1533 540 1618 pari
562 1531 766 1599 concurritur
788 1542 819 1594 et
842 1531 913 1617 viee
934 1529 990 1594 teli

205 1640 314 1707 Saevit
335 1641 416 1702 uuida
439 1658 568 1701 mansus:
591 1654 711 1716 paneae
732 1631 800 1696 sine
823 1635 957 1695 volnere
978 1631 1099 1706 malm

203 1743 274 1810 Vix
294 1741 439 1826 cuiquam
455 1749 516 1803 aut
539 1735 617 1799 nulli
638 1746 709 1800 toto
731 1734 903 1798 certamine
926 1754 1020 1797 nasus

203 1846 351 1928 integer.
395 1839 588 1922 Adspiceret
610 1838 670 1901 iam
692 1847 803 1900 cuneta
826 1856 886 1917 per
908 1833 1033 1918 agmina
1056 1833 1167 1898 voltus

204 1945 380 2019 Dimidios,
403 1941 480 2005 alias
501 1941 600 2004 facies
622 1950 654 2002 et
676 1936 792 2003 hiantia
816 1936 920 2017 ruptis
1003 1992 1007 1998 .

205 2053 288 2115 Ossa
312 2044 421 2130 genis,
445 2043 559 2127 plenos
582 2040 748 2104 oculorum
771 2037 923 2121 sanguiue
945 2056 1085 2120 pugnos.

204 2151 336 2212 Ludere
358 2169 393 2210 se
414 2147 547 2208 eredunt
568 2141 628 2224 ipsi
651 2152 755 2203 tamen
779 2151 810 2202 ct
831 2139 970 2219 pueriles
1057 2193 1065 2205 ,

205 2252 371 2313 Exeruere
393 2247 495 2320 acies,
521 2246 609 2328 quod
630 2243 715 2305 nulla
738 2243 892 2303 cadavera
914 2240 1051 2303 calcent.

206 2352 249 2414 Et
271 2369 346 2412 sane
368 2367 434 2431 quo
457 2358 505 2410 tot
527 2343 658 2409 rixantis
681 2342 764 2406 milia
787 2345 915 2418 turbae,

208 2449 245 2513 Si
269 2449 377 2512 vimmt
400 2446 538 2511 omues?
562 2448 655 2529 Ergo
679 2444 784 2507 aerior
806 2443 942 2525 impetus
964 2454 996 2506 et
1017 2441 1080 2506 iam

207 2553 291 2613 Saxa
313 2548 469 2611 inclinatis
491 2570 551 2630 per
571 2548 698 2608 humum
722 2546 864 2627 quiaesita
888 2543 1013 2607 lacertis

206 2650 364 2734 Incipiunt
387 2660 557 2733 torquere,
583 2649 754 2710 domestica
776 2646 933 2709 seditione

277 2828 320 2877 43.
339 2830 398 2889 (pun
415 2844 442 2877 u.
463 2843 503 2874 oc.
522 2830 542 2874 d.
561 2829 673 2874 inermes
691 2828 752 2884 ltnp.
777 2825 855 2884 coni.)
900 2824 942 2872 ii.
961 2827 1076 2881 interea,
1095 2829 1152 2872 duna
1175 2828 1253 2877 feriae
1276 2830 1342 2876 illac

208 2900 370 2946 celebrantur.
406 2900 446 2942 Sic
461 2898 598 2943 BUDEFG.
614 2899 753 2942 nenatuue.
767 2897 892 2941 interdum
909 2898 938 2940 Α.
955 2894 997 2954 (ex
1013 2899 1186 2952 correctione·,
1204 2899 1276 2951 prius
1296 2900 1342 2942 ba-

187 3022 190 3033 ·
208 2970 292 3016 buerunt
311 2970 362 3023 ipss
377 2980 470 3024 quoqne
486 2968 592 3011 intereo.
613 2966 706 3019 scunt.)
726 2967 786 3020 iiup.
807 2966 881 3010 Web.
901 2967 982 3010 illinus
1000 2972 1079 3009 tamen
1091 2971 1146 3022 apta
1164 2966 1260 3011 videtur
1276 2966 1344 3013 baec

208 3040 276 3096 qnasi
294 3037 411 3082 dubitatio
429 3039 458 3080 dc
476 3037 553 3080 saeris
572 3038 650 3079 statis.
672 3056 702 3066 -
721 3033 835 3078 Horrida
852 3047 914 3078 aene
934 3048 1007 3091 nsque
1027 3036 1056 3079 ad
1075 3048 1098 3079 s.
1117 3034 1293 3079 titubantibus
1314 3051 1342 3081 v.

209 3105 251 3151 id.
272 3120 315 3161 pro
333 3105 422 3159 spuriis
443 3105 513 3150 babet
530 3105 672 3148 feustelius.
721 3102 772 3147 Nee
791 3104 843 3157 nil,
871 3117 948 3162 usqne
966 3103 1052 3147 ornniu
1072 3100 1136 3146 haee
1161 3108 1241 3156 sunt,
1268 3118 1344 3162 parrae

181 3174 184 3179 ⁴
207 3174 278 3220 dicit.
316 3176 396 3218 Facile
418 3174 481 3218 cuim
503 3174 593 3230 largior
614 3174 667 3216 viro
687 3173 844 3230 sagae-isaiano
862 3173 997 3216 iuvenalem
1015 3185 1090 3227 neque
1112 3173 1135 3215 in
1156 3171 1273 3229 Aegypto
1295 3187 1346 3218 ex·

208 3245 300 3287 anlasse
308 3274 315 3296 ,
333 3256 392 3295 nee,
412 3245 473 3299 qnod
484 3256 527 3297 per
540 3242 735 3298 cointelligitur,
748 3241 888 3299 interfuisse
901 3241 998 3284 irnmnni
1012 3241 1066 3284 huic
1080 3252 1172 3299 pugnas
1185 3251 1192 3295 ;
1214 3241 1258 3283 sed
1271 3242 1343 3289 utut·

208 3313 312 3356 lominus
333 3311 450 3369 genuinos
476 3315 562 3364 reputo
583 3324 666 3354 vernus
685 3311 708 3365 in
737 3310 899 3367 suspicionem
918 3311 1041 3355 adductos.
1088 3309 1176 3367 Quidni
1196 3309 1265 3351 euim
1295 3324 1343 3364 per

208 3380 281 3427 vitam
299 3380 351 3424 iere
368 3380 546 3435 octogenariam
573 3380 646 3422 semel
669 3379 772 3424 invisere
791 3379 896 3434 potuerit
914 3377 1064 3435 Aegyptum,
1095 3377 1216 3435 coqueio
1243 3377 1351 3423 itinere-

209 3449 332 3504 Canopum
350 3447 505 3492 Graecanicis
522 3448 614 3492 deliciis
631 3446 783 3509 attinentem,
804 3461 850 3490 uon
869 3460 921 3491 cntn
939 3447 999 3501 ipsis
1016 3446 1112 3503 quidem
1133 3444 1221 3490 Ombis
1238 3442 1343 3499 Tent'y·

208 3518 305 3574 risque,
335 3517 377 3561 sed
395 3530 449 3560 cum
472 3516 527 3560 aliis
550 3517 609 3559 locis
630 3516 740 3559 barbaris
762 3516 861 3570 Canopo
889 3516 1045 3571 propioribus
1069 3511 1252 3569 comparare?
1268 3512 1343 3563 Πίος

209 3586 273 3630 cuim
296 3590 332 3628 est
353 3586 458 3642 legitima
485 3586 618 3638 sententia,
649 3586 670 3628 si
694 3585 801 3629 cavillari
826 3585 899 3630 rerba
917 3586 1042 3629 uolumus:
1080 3584 1189 3636 „Parum
1209 3583 1279 3625 culta
1302 3584 1343 3628 est

209 3651 362 3698 snue'maior
379 3654 478 3711 Aegypti
497 3667 568 3710 pura,
587 3654 654 3698 euius
673 3656 765 3698 incolae
784 3656 888 3698 nondum
906 3659 960 3697 aunt
979 3653 1080 3698 Graecis
1099 3651 1206 3694 moribus
1228 3650 1340 3707 imbuti3

209 3722 273 3780 qnod
291 3725 369 3765 tannen
387 3723 417 3765 ad
435 3724 556 3778 epularum
575 3723 694 3768 luxuriem
712 3723 809 3776 attinet,
830 3728 943 3779 quantum
957 3722 1009 3776 ipse
1022 3722 1149 3777 aliquando
1160 3719 1341 3774 animaduerti,

209 3791 335 3848 indigenae
357 3789 402 3844 ipsi
431 3804 478 3835 nou
508 3792 593 3836 cedunt
614 3793 651 3835 uel
674 3791 814 3844 Cauobitis,
845 3792 883 3848 qui
904 3792 1087 3834 transmarinum
1106 3787 1254 3845 elegantium
1273 3791 1341 3833 vitae

209 3861 340 3903 dissolutae
370 3859 472 3904 miseere
499 3860 659 3904 didicerunt.'’
698 3860 836 3904 Munastieo
854 3865 918 3904 certe
938 3860 1019 3904 colore
1038 3859 1134 3901 mimum
1154 3859 1283 3911 deturpari
1306 3859 1343 3902 ri·

210 3931 296 3972 dentur
314 3940 337 3971 v.
358 3923 401 3972 iti.
420 3930 444 3969 et
463 3925 523 3978 ta:
543 3929 591 3971 imo
610 3942 654 3982 pro
672 3942 726 3972 meo
745 3929 840 3986 quidem
857 3942 929 3972 sensu
947 3927 1058 3973 minuam
1077 3927 1134 3970 illud
1152 3923 1242 3969 odium
1256 3930 1342 3972 uranei

210 3997 293 4042 nescio
316 3996 371 4051 quid
399 3998 424 4038 et
449 3995 582 4049 imper-iacti
618 3996 715 4039 babebit
725 4028 732 4050 ‚
775 3998 820 4041 uisi
861 3996 1013 4041 Ombitarnm
1048 3996 1197 4049 tnadidornm
1239 3994 1342 4041 blaeso.

187 4076 310 4129 'reatuque
340 4061 449 4115 stupidas
475 4061 585 4105 ebrietati
614 4069 756 4115 opponatur.
816 4065 885 4121 Quod
912 4079 973 4108 nero
1003 4064 1112 4121 queritur
1137 4063 1278 4107 Francirius
1313 4069 1341 4111 ds

212 4129 357 4175 narrationis
375 4132 460 4170 tenore
479 4128 567 4169 tnitete
585 4127 732 4183 interrupto,
764 4136 901 4179 meminisse
924 4134 1038 4178 debemus
1063 4132 1086 4176 in
1111 4133 1193 4191 quavis
1215 4131 1342 4179 iuvenalis

121 4205 124 4211 ’
212 4195 290 4241 Satira
308 4192 443 4239 huiuamodi
461 4193 564 4246 reperiri
582 4191 743 4251 deverticula,
764 4205 789 4243 ut
807 4202 858 4255 ipss
877 4204 946 4258 piune
964 4203 1092 4260 gemellam
1110 4201 1217 4257 appellat
1238 4203 1342 4262 degres-
