2772 4750
33 356 74 418 Et
95 374 189 438 quam
207 349 377 415 falciferos
400 359 554 413 armatum
578 352 748 414 ascendere
772 369 900 413 currus.

32 458 109 519 lnde
126 457 230 518 boves
253 456 377 529 Lucas,
399 450 518 516 turrito
542 473 701 536 corpore,
724 462 846 527 tetros,

34 555 254 641 Anguimauos
271 554 350 618 belli
372 557 553 618 docuerunt
574 555 707 619 volnera
730 554 854 620 Poenei

33 662 171 723 Sufferre
191 670 223 721 et
244 679 375 743 magnas
396 657 517 721 Martis
538 660 671 720 turbare
694 668 851 720 catervas.

34 760 86 824 Sic
106 759 170 823 alid
186 782 227 824 ex
245 760 311 823 alio
330 759 458 842 peperit
476 759 641 824 discordia
662 758 782 835 tristis,

33 861 202 926 Horribile
223 861 368 924 humanis
390 865 479 946 quod
499 861 646 946 gentibus
665 873 748 926 esset
769 860 802 925 in
819 860 933 939 armis,

33 966 132 1049 Inque
152 963 218 1027 dies
242 963 321 1027 belli
341 963 522 1027 terroribus
545 964 669 1029 addidit
689 985 839 1049 augmen.

93 1069 272 1129 Tentarunt
291 1064 384 1129 etiam
405 1079 514 1129 tauros
536 1064 569 1129 in
590 1087 741 1131 moenere
759 1065 837 1129 belli

33 1167 251 1253 Experteique
267 1189 338 1230 sues
360 1188 475 1231 saevos
495 1178 567 1230 suut
588 1167 714 1232 mittere
735 1167 768 1231 iu
788 1166 927 1243 hosteis3

33 1271 74 1332 Et
94 1269 219 1333 validos
240 1269 358 1352 partim
379 1291 510 1352 praese
529 1269 644 1334 misere
666 1270 776 1334 leones

34 1371 113 1436 Cum
136 1371 325 1436 ductoribus
346 1370 478 1435 armatis
496 1371 662 1457 saevisque
682 1370 863 1456 magistris,

35 1474 114 1554 Quei
133 1474 334 1539 moderarier
351 1473 401 1537 his
420 1486 551 1557 possent
574 1473 751 1559 vinclisque
766 1487 895 1539 tenere:

32 1576 273 1663 Nequidquam
296 1575 447 1661 quoniam
470 1575 631 1658 permixta
653 1578 748 1641 caede
774 1576 911 1641 calentes

33 1681 220 1741 Turbabant
238 1677 344 1741 saevei
366 1678 455 1743 nullo
479 1676 661 1742 discrimine
683 1690 820 1754 turmas,

34 1779 207 1843 Terrificas
232 1779 373 1862 capitum
396 1779 575 1865 quatientes
598 1779 737 1866 undique
762 1780 894 1856 cristas;

32 1883 100 1945 Nee
121 1892 272 1965 poterant
297 1880 420 1966 equites
441 1881 572 1951 fremitu
595 1882 769 1964 perterrita
790 1904 946 1968 equorum

33 1984 172 2048 Pectora
196 1984 336 2047 mulcere
358 1996 389 2047 et
411 1983 512 2048 sreuis
534 1996 731 2049 convortere
752 1984 786 2049 iu
806 1985 944 2050 hosteis.
1037 1964 1043 1979 .

32 2085 160 2149 Irritata
182 2085 251 2149 leae
274 2084 433 2149 iaciebant
453 2108 597 2169 corpora
618 2088 700 2150 saltu

33 2186 179 2273 Undique
202 2201 233 2251 et
257 2191 429 2252 advorsum
451 2188 651 2252 venientibus
676 2211 734 2254 ora
756 2192 907 2272 petebant

33 2291 73 2352 Et
91 2312 151 2354 nec
174 2288 352 2372 opinanteis
371 2312 389 2352 a
410 2302 505 2374 tergo
530 2290 742 2372 diripiebant,

33 2392 260 2479 Deplexaeque
282 2396 399 2455 dabant
421 2392 589 2456 interram
614 2393 746 2457 volnere
768 2391 890 2468 victos,

33 2494 203 2558 Morsibus
226 2496 337 2557 affixae
362 2494 477 2557 validis
499 2505 595 2579 atque
614 2494 772 2580 unguibus
791 2494 894 2558 uncis.

32 2596 260 2682 laetabantque
282 2618 358 2660 suos
377 2596 481 2660 taurei
499 2596 698 2681 pedibusque
720 2599 882 2672 terebant3

31 2700 73 2760 Et
93 2698 193 2762 latera
215 2721 252 2761 ac
275 2710 402 2761 ventres
422 2698 593 2761 hauribant
616 2702 726 2762 subter
748 2721 904 2784 equorum

31 2800 197 2864 Cornibus
217 2811 248 2862 et
269 2811 388 2863 terram
407 2799 564 2863 minitanti
588 2813 689 2864 mente
711 2804 859 2865 ruebant.

30 2904 74 2965 At
96 2901 215 2964 validis
238 2900 347 2966 socios
368 2904 543 2966 caedebant
561 2903 708 2966 dentibus
730 2902 840 2985 aprei,

32 3004 108 3068 'l'ela
132 3004 271 3067 infracta
294 3026 351 3068 suo
374 3004 534 3088 tingentes
560 3004 714 3089 sanguiue
737 3003 859 3079 suenci,

31 3106 67 3168 ln
91 3129 124 3170 se
151 3107 257 3169 fracta
279 3128 336 3169 suo
359 3106 519 3192 tingentes
542 3107 696 3192 sanguine
721 3107 800 3182 tela,

30 3298 188 3343 ciereluuta.
207 3298 322 3352 Explica:
347 3300 454 3357 „dextra
470 3312 528 3343 uero
543 3299 641 3343 fortiter
663 3297 797 3357 pugnare.'’
832 3298 955 3342 Firmatur
970 3299 1148 3358 autemoigere

30 3369 84 3412 aC.
101 3368 134 3413 E.
184 3365 261 3414 1299.
280 3367 392 3428 biiugom
414 3382 436 3412 s.
463 3367 577 3427 biiugum
595 3369 669 3413 Wak.
692 3369 756 3412 coni.
781 3367 841 3412 cod.
863 3365 900 3415 Π.
919 3367 1039 3428 biircgenr.
1070 3369 1151 3413 Ceteri

30 3447 127 3483 omnes:
150 3436 248 3496 biiugo.
267 3436 368 3497 biiugos
384 3451 438 3481 cum
454 3438 535 3481 Fabro
548 3439 652 3483 malebat
667 3439 748 3481 Bentl.
787 3434 863 3482 1300.
883 3438 1007 3482 incentum
1022 3438 1061 3482 Pii
1075 3439 1151 3484 Codd.

29 3507 56 3550 A.
69 3507 98 3550 L.
116 3508 148 3550 ll.
190 3503 265 3551 1309.
284 3504 474 3551 forthereum.
489 3504 513 3551 l.
531 3508 619 3564 aliique
638 3521 676 3562 ap.
693 3509 765 3551 Pium
777 3507 806 3554 L.
820 3508 849 3551 Η.
863 3507 906 3555 W.
926 3531 959 3541 -
974 3508 1071 3565 purtim
1085 3509 1151 3552 Reli-

30 3577 75 3632 qui.
89 3576 155 3622 Edd.
171 3580 229 3622 vett.
249 3576 294 3620 dv.
312 3576 342 3621 Α.
357 3577 514 3632 probantibus
530 3577 610 3621 Bentl.
630 3590 657 3620 ac
672 3577 756 3635 Preig.
783 3574 880 3635 [Recepi
897 3589 957 3620 nuuc
969 3577 1066 3634 purtim
1081 3578 1154 3622 etiarn

29 3660 80 3690 cum
96 3646 160 3690 Cdd.
174 3645 203 3689 C.
220 3650 243 3690 et
257 3645 288 3690 E.
305 3647 323 3690 i.
336 3660 358 3690 e.
376 3646 494 3691 nonnulli.
515 3646 570 3701 lpse
587 3647 651 3689 enim
668 3660 691 3690 v.
708 3642 783 3690 1310.
802 3659 869 3703 seqq.
886 3647 1003 3691 incertum
1021 3646 1151 3704 relinquit,

29 3721 106 3758 utrum
125 3717 151 3759 id
172 3729 273 3773 unquam
291 3730 318 3760 re
336 3729 393 3760 vera
411 3717 500 3760 factum
524 3718 556 3760 sit
573 3729 657 3760 necne.
690 3715 742 3760 Non
762 3716 834 3774 igitur
853 3715 878 3758 lt.
898 3717 915 3760 l.
935 3720 1026 3760 eertum
1045 3716 1098 3760 eius
1116 3717 1153 3760 in-

29 3787 87 3839 cepti
106 3787 245 3840 exemplum
262 3785 350 3829 afferre
368 3791 471 3841 poterat.
492 3785 589 3842 purtim
602 3786 637 3830 sie
651 3790 788 3840 usurpatum
803 3785 876 3829 habes
889 3787 961 3830 etiam
972 3784 1027 3833 Lib.
1042 3783 1070 3840 6,
1084 3783 1149 3830 1111

29 3860 51 3898 et
65 3852 157 3911 1207.]
216 3850 290 3898 1310.
310 3853 453 3900 doctoribus
467 3856 544 3899 Codd.
559 3856 635 3912 aliq„
655 3857 727 3899 etiam
739 3855 768 3898 C.
779 3855 810 3899 E.
824 3856 867 3898 W.
925 3852 1000 3900 1311.
1020 3851 1108 3900 1001..
1120 3856 1151 3898 ll.

30 3920 104 3969 1319.
125 3921 285 3980 deripiebant
297 3924 325 3967 L.
339 3925 369 3970 ll.
400 3922 484 3972 1320.
502 3926 521 3970 i.
536 3939 558 3969 e.
573 3930 625 3970 arte
638 3926 772 3981 amplexae.
818 3921 894 3969 1322.
914 3937 973 3969 auos
991 3924 1019 3968 C.
1034 3924 1064 3967 E.
1081 3924 1150 3971 Bria.

29 3991 57 4036 ll.
68 3998 115 4038 cet.
136 4016 172 4026 -
190 4005 249 4037 susa
261 3995 320 4042 Ver.
332 3996 394 4043 Vsu.
408 3996 451 4040 Ar.
465 3995 496 4038 L.
544 3990 621 4039 1321.
641 3994 676 4039 od
688 4000 829 4052 terramque
842 3994 950 4038 minanti
961 3996 991 4038 A.
1000 3993 1031 4037 1..
1043 3993 1073 4037 fl.
1088 3997 1152 4037 eete-

28 4061 331 4109 rumBri1.udterrum.
387 4060 464 4109 1321.
484 4063 634 4109 subditivum
652 4065 756 4108 iudicant
775 4064 899 4120 plerique,
925 4065 948 4106 in
969 4063 1054 4119 quibus
1072 4062 1152 4105 Beati.

29 4136 52 4175 et
66 4131 162 4188 Forb.;
179 4133 208 4176 de
226 4133 314 4187 duplici
328 4138 408 4179 autem
422 4136 563 4178 recensione
576 4135 697 4193 cogitabat
715 4135 775 4177 liar.
807 4134 854 4177 Sed
873 4133 925 4176 vide
941 4146 970 4176 ue
982 4130 1102 4175 siniilibus
1114 4144 1153 4173 rc·

29 4201 185 4256 petitionibus
196 4199 225 4255 5,
242 4200 319 4247 1189.
335 4201 348 4246 o·
357 4234 365 4257 ,
381 4201 422 4248 15.
439 4203 533 4248 defendi
549 4206 634 4259 possit.
660 4205 746 4261 sicque
760 4203 852 4257 accepit
864 4202 936 4245 etiam
949 4199 1095 4244 linebelius:
1115 4199 1154 4243 sie

27 4266 131 4326 fdrdten
149 4272 195 4316 mit
211 4269 271 4316 Blut
292 4272 326 4316 im
345 4271 460 4318 Grirnmc
484 4273 525 4318 die
546 4271 662 4336 Waffm,
690 4271 739 4317 Mu
762 4271 819 4316 dem
842 4270 950 4329 eigencn
973 4266 1033 4313 Blut
1055 4267 1097 4312 dis
1119 4280 1154 4310 un
