2762 4760
241 187 283 247 50

247 314 477 424 Quae'procul
497 358 596 425 usque
618 340 699 401 adeo
722 334 833 401 divino
857 338 897 398 ab
917 335 1042 397 numine
1062 332 1179 398 distent

243 446 346 529 Inque
368 444 460 505 dedm
484 461 617 504 numero
639 460 720 525 quae
741 437 806 502 sint
828 437 960 521 indigna
983 435 1107 512 videri,

243 544 401 611 Notitiam
423 542 533 627 potius
553 544 709 626 praebere
732 550 766 603 ut
786 561 882 624 posse
904 549 1074 622 putentur,

245 648 333 729 Quid
353 646 394 711 sit
413 644 505 713 vitali
525 656 613 708 motu
630 664 786 729 sensuque
807 654 979 708 remotum.

309 747 438 832 Quippe
458 747 573 812 etenim
592 767 658 811 non
678 756 745 822 est,
768 768 839 809 cum
858 743 976 831 quovis
998 765 1141 828 corpore
1162 754 1196 807 ut
1212 765 1277 808 esse

248 854 352 916 Posse
373 848 469 913 animi
488 860 599 912 natura
621 858 752 930 putetur
771 847 1023 932 consiliumque:

246 956 337 1018 Sicut
357 953 390 1015 in
419 954 548 1015 aethere
570 972 635 1015 non
658 952 773 1025 arbos,
796 970 862 1014 non
884 969 1025 1034 aequore
1045 947 1130 1012 salso

245 1058 357 1118 Nubes
378 1075 446 1118 esse
467 1064 588 1138 queunt
610 1072 712 1138 neque
732 1051 839 1135 pisces
860 1050 972 1115 vivere
995 1050 1028 1113 in
1049 1049 1137 1113 arvis

245 1161 316 1221 Nee
339 1178 438 1221 cruor
458 1155 492 1218 in
512 1153 609 1239 lignis
630 1176 732 1238 neque
753 1152 839 1216 saxis
861 1174 955 1215 sucus
975 1151 1099 1217 inesse:

248 1260 382 1326 Certum
401 1281 439 1321 ac
461 1256 698 1340 dispositumst,
722 1255 778 1319 ubi
794 1254 953 1341 quidquid
976 1265 1099 1319 crescat
1121 1266 1153 1318 et
1177 1253 1269 1328 insit;

244 1362 300 1426 Sic
320 1360 417 1425 animi
436 1371 548 1422 natura
571 1358 681 1443 nequit
703 1356 770 1422 sine
791 1379 933 1440 corpore
957 1356 1040 1424 orici

246 1465 323 1529 Sola
345 1484 447 1549 neque
468 1484 486 1525 a
509 1461 619 1525 nervis
638 1473 671 1525 et
689 1459 842 1545 sanguine
864 1458 993 1545 longius
1013 1481 1094 1524 esse.

246 1568 345 1648 Quod
366 1564 393 1628 si
413 1575 524 1648 posset
544 1562 645 1640 enim,
670 1564 769 1628 multo
787 1562 878 1645 prius
899 1562 970 1644 ipsa
987 1560 1082 1625 animi
1105 1559 1154 1623 vis
1302 1561 1348 1622 ldi

247 1668 286 1730 ln
309 1666 414 1749 capite
436 1677 489 1728 aut
512 1665 651 1729 humeris
670 1676 723 1729 aut
740 1663 813 1728 imis
833 1663 974 1728 calcibus
992 1686 1060 1730 esse

246 1772 364 1835 Posset
383 1779 415 1832 et
436 1762 566 1831 innasci
580 1767 693 1854 quavis
711 1766 744 1829 in
762 1777 854 1851 parte
877 1766 998 1831 soleret

247 1872 390 1953 Quamde
412 1869 445 1933 in
468 1873 581 1937 eodem
603 1869 732 1934 homine
755 1881 848 1955 atque
871 1868 905 1932 in
928 1873 1040 1934 eodem
1064 1891 1138 1934 vase
1161 1890 1299 1933 manere.

247 1975 344 2055 Quod
367 1972 517 2058 quoniam
541 1983 656 2037 nostro
679 1993 808 2057 quoqne
831 1982 957 2035 constat
979 1993 1121 2056 corpore
1144 1982 1267 2037 certum
1358 1950 1359 2015 l

245 2074 512 2158 Dispositumque
534 2072 676 2149 videtur,
699 2073 755 2136 ubi
777 2095 846 2137 esse
868 2085 899 2136 ct
922 2096 1068 2139 erescere
1090 2073 1195 2156 possit
1285 2075 1352 2136 tlt

246 2180 399 2240 Seorsum
422 2174 525 2238 anima
546 2186 641 2260 atque
664 2174 800 2250 animus,
826 2187 915 2240 tanto
939 2176 1041 2261 magis
1063 2177 1280 2253 infitiandum,

249 2280 370 2341 Totum
391 2298 489 2359 posse
512 2287 604 2340 extra
627 2298 746 2360 eorpus
767 2277 969 2365 formamque
988 2279 1153 2342 animalem

248 2378 403 2443 Putribus
425 2377 457 2441 in
481 2377 584 2463 glebis
604 2390 761 2443 terrarum
785 2391 838 2442 aut
860 2379 938 2445 solis
960 2379 992 2443 in
1015 2379 1084 2465 igni

246 2482 314 2544 Aut
335 2479 368 2543 in
391 2501 473 2565 aqua
495 2483 611 2544 durare
633 2492 686 2543 aut
708 2479 779 2545 altis
801 2481 938 2545 aetheris
960 2482 1041 2547 oris.

235 2583 343 2645 ‘Haud
364 2580 465 2666 igitur
488 2592 635 2645 constant
657 2581 769 2645 divino
790 2582 936 2665 praedita
958 2606 1068 2662 sensu,

247 2682 517 2769 Quandoquidem
539 2695 698 2769 nequeunt
720 2683 859 2748 vitaliter
881 2707 949 2750 esse
967 2687 1114 2750 animata.

310 2785 396 2848 illud
414 2785 488 2848 item
509 2804 574 2849 non
597 2796 645 2848 est
667 2796 701 2847 ut
719 2785 823 2868 possis
846 2790 996 2864 credere,
1018 2788 1122 2853 sedeis

247 2889 328 2952 Esse
348 2886 440 2950 dedm
461 2898 586 2949 sanctas
603 2886 636 2949 in
660 2886 767 2950 mundi
785 2887 932 2969 partibus
949 2890 1035 2954 ullis.

247 2987 370 3052 Tenvis
392 2987 475 3051 enirn
501 2999 613 3050 natura
632 2990 724 3051 detlm
749 2988 910 3076 longeque
929 3004 1054 3058 remota

246 3088 397 3153 Sensibus
419 3092 458 3153 ab
482 3089 601 3153 nostris
620 3089 716 3153 animi
738 3088 796 3154 vix
817 3104 918 3157 mente
940 3093 1079 3159 videtur.

245 3193 336 3271 Quae
357 3191 509 3277 quoniam
532 3214 679 3256 manuum
700 3190 819 3257 tactum
842 3195 976 3281 suffugit
995 3208 1028 3260 et
1049 3197 1167 3274 ictum,

245 3292 371 3357 Tactile
392 3294 438 3355 nil
459 3293 554 3357 nobis
577 3299 665 3380 quod
684 3295 743 3373 sit,
768 3296 959 3383 contingere
979 3302 1085 3365 debet.

247 3395 397 3478 Tangere
419 3394 502 3457 enim
521 3416 586 3459 non
608 3396 694 3482 quit,
718 3399 745 3462 si
763 3398 852 3487 tangi
873 3421 938 3465 non
957 3400 1034 3467 licet
1051 3401 1170 3486 ipsum,

307 3617 364 3665 12t.
385 3621 423 3666 sic
442 3622 495 3666 sint
511 3623 540 3668 L.
560 3647 593 3658 -
612 3623 650 3668 sic
668 3630 728 3671 eunt
744 3626 775 3671 Η.
824 3625 883 3674 128.
908 3630 1089 3690 conciliumque
1107 3631 1226 3683 nette.
1251 3636 1302 3681 Sed
1319 3635 1354 3680 cb·

243 3690 299 3735 Lib.
313 3687 343 3745 3,
363 3687 422 3737 515.
446 3690 560 3752 Denique
578 3708 642 3752 quur
660 3696 741 3739 aniani
758 3710 885 3756 nunquam
902 3712 973 3744 mene
992 3701 1174 3761 consiliumque
1193 3702 1321 3764 Gignt'tnr
1336 3705 1355 3746 ia

243 3761 325 3818 eapite
343 3765 390 3805 cet.
437 3758 496 3806 129.
516 3776 565 3807 non
583 3776 691 3823 aequore
709 3764 785 3810 Codd.
808 3767 870 3812 Edd.
889 3773 947 3813 vett.
970 3773 1015 3814 dv.
1037 3769 1067 3819 P.
1089 3770 1120 3819 A.
1144 3773 1186 3816 W.
1212 3794 1249 3806 ·-
1275 3788 1321 3818 nee
1336 3775 1356 3816 in

242 3843 350 3888 aequore
368 3829 397 3873 L.
413 3829 443 3877 ll.
458 3831 555 3888 ipseque
567 3832 659 3877 Eichst.
675 3834 802 3879 immemor
814 3838 928 3881 similium
943 3835 973 3892 3,
990 3835 1048 3884 785.
1070 3837 1101 3894 5,
1117 3836 1178 3885 233.
1228 3839 1291 3890 131,
1311 3844 1355 3886 lou·

243 3900 311 3959 giler
323 3899 352 3943 L.
366 3898 396 3943 ll.
412 3905 436 3943 ut
450 3897 480 3954 3,
497 3899 555 3946 676.
595 3899 653 3947 135.
672 3901 853 3950 danaidum-H.
899 3903 958 3951 138.
979 3906 1093 3953 Tandem
1111 3934 1121 3945 ·
1142 3935 1151 3946 -
1170 3913 1354 3956 munereCodd.

244 3966 301 4026 (E.)
313 3968 374 4012 Edd.
388 3973 445 4013 vett.
471 3993 504 4005 -
528 3969 640 4015 Tandem
659 3997 670 4008 ·
689 3998 699 4008 -
717 3981 830 4019 maneret
848 3976 893 4020 Cd.
909 3976 938 4020 C.
959 3976 1072 4031 itu-tt.
1086 3978 1111 4022 h.
1126 3981 1144 4025 l.
1164 3984 1187 4025 et
1205 3977 1356 4041 3‚791.-

242 4036 347 4096 quamde
365 4038 392 4082 in
410 4038 484 4083 corde
503 4041 571 4084 omni
595 4038 646 4097 (ap.
667 4041 810 4089 Wakefield.
826 4046 857 4090 T.
873 4041 898 4090 3.
918 4059 941 4101 p.
964 4044 1004 4094 18.
1024 4050 1066 4092 sed
1086 4048 1117 4092 Τ.
1135 4046 1160 4094 l.
1180 4063 1204 4105 p.
1220 4050 1284 4095 tta.
1308 4050 1357 4097 rem)

242 4132 252 4142 ·
266 4133 276 4142 -
287 4120 398 4151 munere.
417 4109 496 4153 Bautl.
511 4112 571 4153 unde
586 4111 627 4158 W.
648 4108 760 4171 Quumde
779 4139 812 4150 ·-
831 4127 933 4158 monere
947 4118 1048 4171 recepit.
1089 4113 1148 4162 153.
1167 4119 1235 4177 quit,
1257 4118 1326 4179 quod
1340 4116 1357 4160 u'

242 4176 456 4231 natumsed.
470 4184 526 4224 vett.
549 4200 578 4211 -
598 4180 665 4238 quit,
684 4181 765 4226 sidu.
779 4184 821 4227 W.
843 4205 872 4215 -
892 4185 959 4243 quit,
974 4183 1041 4245 quod
1054 4186 1200 4231 natan.
1241 4186 1306 4235 155.
1319 4198 1358 4244 Μ

238 4243 268 4290 L.
289 4244 338 4300 „da
358 4259 462 4304 corpore
481 4247 497 4297 i.
517 4262 539 4295 e.
560 4260 740 4304 proserpere,
768 4253 797 4295 ud
815 4253 932 4299 rationem
951 4260 974 4301 et
993 4261 1101 4301 naturam
1120 4259 1261 4314 eorporis.”
1286 4257 1357 4304 Forb.
