2762 4760
202 204 221 265 2
240 247 243 253 ,

203 358 364 424 auditores
382 355 504 422 scholis
530 379 601 420 cum
622 356 730 421 fructu
755 357 951 441 excipiendis
980 380 1048 422 sese
1071 360 1312 443 praeparaturi.

202 461 394 527 Exhibeuda
413 460 507 524 ctiam
535 470 625 526 eraut
649 459 806 524 interdum
834 461 969 526 aliorum
991 462 1186 545 scriptorum
1209 465 1313 526 verba

202 587 290 629 meos
312 561 516 639 illustrantia,
540 561 708 647 quominus
727 561 878 627 dictando
893 575 1050 629 tereretur
1063 577 1187 648 tempus
1201 566 1314 628 vivam

201 666 400 750 potissimum
433 663 578 750 magistri
610 686 723 728 rocem
760 663 954 729 desiderans.
1012 669 1184 731 Praeterea
1212 690 1315 753 quum

201 772 286 832 haud
311 768 407 851 pauci
435 778 618 831 nostrorum
644 776 765 830 mature
786 765 848 828 iam
873 767 1003 832 criticae
1026 769 1192 857 doctrinae
1213 782 1314 853 p'rae-

202 871 302 954 ceptis
332 868 477 933 initiandi
505 868 567 932 sint
596 890 634 932 ac
662 868 892 953 theologorum
914 892 1043 955 quoque
1067 870 1229 956 ingenium
1260 873 1315 935 his

200 972 311 1038 studiis
334 976 462 1035 acuatur
483 982 716 1056 sevoceturque
737 954 902 1035 asomniis
920 971 1149 1050 fanaticorum,
1174 974 1315 1058 diligen·

199 1076 277 1139 tius.
290 1073 383 1139 etiam
414 1095 508 1159 quam
529 1072 562 1136 in
580 1072 738 1149 tironum,
752 1150 754 1153 ι
769 1085 803 1136 ut
825 1073 987 1159 inquiunt,
1023 1098 1095 1138 usus
1121 1077 1315 1163 plerumque

154 1174 156 1177 ’
200 1178 283 1242 solet
314 1199 442 1245 necesse
472 1175 601 1251 haberi,
638 1179 825 1240 enotandam
858 1199 896 1239 ac
925 1166 1154 1240 diiudicandam
1184 1181 1316 1264 suscepi

200 1279 347 1345 lectionis
368 1278 596 1342 diversitatem.
641 1277 843 1342 Paucissimis
880 1275 1014 1364 denique
1049 1281 1157 1344 verbis
1189 1292 1223 1344 ut
1261 1283 1316 1346 his

200 1384 347 1450 omnibus
368 1382 575 1467 defungerer,
611 1380 682 1464 ipsa
700 1376 802 1444 libelli
823 1381 942 1445 utilitas
963 1386 1131 1458 suadebat3
1168 1385 1315 1448 carmina

199 1486 299 1563 enim,
330 1508 396 1550 non
417 1485 637 1549 adnotationes
658 1483 682 1548 ii
700 1487 867 1567 petebant,
890 1485 1004 1570 quibus
1026 1497 1094 1549 erat
1116 1487 1314 1551 destinatus:

199 1593 273 1672 [nec
294 1610 374 1653 vero
395 1590 613 1651 tautummodo
629 1591 669 1649 ad
684 1586 838 1650 lectiones
851 1587 1017 1669 publicas:
1043 1588 1192 1652 volebam
1206 1589 1315 1669 enim,

199 1703 234 1755 ut
255 1690 341 1755 domi
363 1711 492 1775 quoque
510 1691 679 1764 habereut,
702 1689 818 1773 quibus
834 1712 901 1753 sese
922 1691 1127 1755 delectarent.
1171 1692 1316 1758 Minime

199 1805 319 1869 autem,
342 1795 422 1856 haec
445 1791 605 1866 scribens,
632 1793 833 1873 reprehendo
857 1794 940 1856 VV.
963 1793 1039 1858 CC.
1057 1794 1315 1859 Lindemaunum

198 1897 331 1977 (1823.)
352 1907 384 1958 et
408 1895 451 1960 Ο.
474 1884 658 1957 Schulzium
680 1890 829 1973 (1825.);
860 1917 953 1977 vsuum
972 1895 1054 1960 enim
1072 1882 1205 1983 uterquc
1227 1920 1317 1962 con·

199 1998 301 2062 silium
329 2009 453 2061 secutus
483 2008 529 2060 est
557 2008 589 2060 et
616 1996 650 2058 in
681 1996 816 2060 dirersis
845 1997 1034 2083 regionibus
1061 2012 1155 2084 atque
1186 2001 1316 2073 scholis

200 2100 420 2183 compluribus
441 2087 554 2162 similis
573 2100 695 2163 moduli
712 2123 749 2162 ac
765 2098 890 2185 generis
911 2102 1043 2175 libellis,
1064 2113 1098 2164 ut
1122 2103 1205 2165 inter
1227 2104 1317 2167 mul-

198 2215 251 2266 tos
279 2203 372 2266 etiam
409 2224 495 2265 meus
526 2206 588 2278 est',
618 2195 731 2265 'locum
760 2224 827 2266 esse
854 2203 962 2267 video.
1012 2206 1185 2269 Praeterea
1212 2226 1315 2271 nemo

200 2305 279 2368 mihi
300 2306 380 2370 vitio
402 2316 523 2381 vertet,
547 2308 635 2389 quod
655 2299 725 2369 meo
747 2328 788 2368 ex
810 2328 918 2381 sensu,
942 2327 1035 2390 quem
1050 2306 1172 2372 erroris
1190 2330 1316 2391 exper-

198 2420 262 2470 tem
283 2430 441 2494 nunquam
461 2398 651 2490 praestabo,
686 2407 719 2469 in
745 2404 895 2471 ¹omuibus
924 2409 984 2472 mei
1012 2407 1113 2472 libelli
1144 2410 1316 2492 partibus,

199 2509 291 2573 etiam
314 2509 347 2573 iu
375 2512 436 2572 hac
467 2510 566 2573 altera
593 2503 750 2584 editiouc,
788 2530 824 2572 ea
853 2521 977 2573 secutus
1002 2533 1086 2585 sum,
1123 2535 1204 2596 quac
1230 2535 1318 2579 vere

199 2612 329 2694 po'c'tica
351 2611 427 2675 mihi
449 2610 516 2674 visa
531 2622 617 2686 sunt,
633 2610 689 2672 alii
708 2610 769 2673 alia
787 2634 882 2695 quum
902 2612 1122 2693 praetulerint.
1146 2611 1317 2697 summm]

260 2717 346 2790 Iam,
370 2714 485 2801 quibus
502 2711 651 2776 subsidiis
662 2735 736 2776 usus
750 2711 876 2798 singula
889 2714 1117 2790 tractaverim,
1134 2720 1316 2782 enarrabo.

260 2819 299 2879 In
327 2815 518 2879 Lucretii
545 2813 672 2899 quidem
705 2815 798 2881 locos
835 2816 970 2879 selectos
999 2821 1210 2883 recensendos
1235 2820 1319 2901 plus

198 2920 305 3005 utique
326 2918 449 2982 laboris
470 2916 687 2981 insumendum
700 2917 788 2998 tuit,
811 2940 903 3002 qnam
919 2918 1081 3000 propositi
1096 2919 1180 2982 ratio
1195 2932 1320 3001 postu-

196 3025 263 3086 larc
283 3020 419 3105 primum
440 3022 622 3084 videbatur.
667 3017 820 3100 Quamvis
843 3020 923 3082 enim
939 3020 1189 3095 Eichstaedtius,
1213 3045 1320 3106 quem

196 3126 368 3208 praecipue
398 3135 523 3187 secutus
552 3145 636 3198 sum,
672 3121 785 3202 (etiam
814 3121 846 3183 iu
873 3122 1034 3185 scribendi
1062 3122 1208 3197 ratione,
1243 3146 1320 3189 nou

196 3240 299 3290 tamen
315 3248 539 3317 usquequaque
554 3225 617 3308 ipsi
630 3224 717 3288 Viro
733 3223 909 3287 clarissimo
929 3229 1133 3306 postmodum
1149 3218 1319 3308 probata)

195 3341 383 3410 perpetuum
402 3327 595 3391 Wakefieldi
613 3350 778 3392 censorem
801 3320 1084 3412 correctoremque
1102 3331 1197 3392 docte
1213 3338 1321 3415 atque

196 3430 357 3513 eleganter
390 3427 523 3512 egisset,
555 3426 762 3491 nihilominus
798 3428 967 3514 aliquoties
997 3433 1094 3492 modo
1124 3432 1321 3508 amborum,

196 3535 294 3594 modo
310 3530 438 3593 alterius
449 3529 551 3591 utrius
564 3528 787 3592 auctoritatem
801 3533 946 3594 deserere
963 3552 1055 3593 ausus
1070 3553 1150 3593 sum.
1174 3532 1262 3594 Nam
1280 3555 1322 3597 ea

195 3633 347 3714 profecto
372 3631 550 3695 etiamnunc
572 3643 619 3694 est
640 3631 785 3695 conditio
806 3632 953 3695 carminis
971 3633 1179 3708 Lucretiani,
1204 3643 1238 3694 ut
1264 3634 1322 3698 in·

197 3735 334 3797 defessas
355 3723 456 3796 futuri
474 3732 610 3796 editoris
634 3755 727 3795 curas
748 3733 906 3819 requirat,
944 3734 1000 3819 qui
1027 3734 1168 3798 studiose
1197 3757 1321 3801 rursus

196 3837 337 3899 excussis
366 3835 533 3900 codicibus
554 3831 809 3921 editionibusq'ue
836 3837 869 3898 iu
891 3858 976 3900 nova
1002 3836 1190 3901 recensione
1211 3841 1322 3903 ador·

195 3941 296 4001 nanda
318 3939 473 4002 elaboret.
518 3940 593 4021 Ego
614 3959 693 4000 vero
713 3950 745 4002 et
761 3937 854 4000 libris
869 3938 1016 4020 scriptis,
1040 3951 1088 4014 et,
1112 3943 1200 4024 quod
1214 3939 1321 4005 nimis

196 4061 292 4123 aegre
313 4040 392 4115 tuli,
415 4038 542 4102 Iuntina
561 4038 755 4121 editioneff'tl
778 4038 960 4115 destitutus,
984 4040 1061 4125 quid
1079 4040 1112 4103 in
1132 4043 1321 4108 tractandis

249 4256 284 4318 (*)
302 4259 367 4305 llanc
385 4265 410 4305 et
426 4261 525 4306 alteram
543 4259 653 4305 uldinam
671 4273 733 4303 nuuc
751 4259 803 4315 ipse
822 4259 885 4302 domi
904 4259 988 4303 habco.
1026 4256 1074 4302 Ed.
1094 4258 1138 4302 alt.
