2772 4750
24 376 223 458 Hesperus:
249 369 397 436 adveniet
418 370 526 436 fausto
548 392 619 436 cum
641 369 745 435 sidere
764 368 903 449 coniux,

26 479 126 557 Quae
152 474 212 539 tibi
232 474 404 539 flexanimo
427 485 562 538 utentem
585 473 757 557 perfundat
776 495 887 538 ainore

26 574 329 664 Languidulosque
348 588 442 659 paret
463 588 568 640 tecum
593 576 790 660 coniungere
809 597 942 642 somnos

27 682 145 745 Levia
164 683 368 744 substernens
383 682 521 744 robusto
543 678 679 742 brachia
702 680 802 743 eollo.

28 783 174 850 Currite
197 786 347 845 ducentes
364 780 559 856 subtemina,
583 782 720 858 currite,
744 780 821 846 lusi.

96 887 201 950 Nulla
223 889 335 950 domus
357 884 429 947 talis
446 905 581 968 unquam
606 884 751 949 contexit
774 906 921 950 amores:

28 990 158 1054 Nullus
181 1010 272 1052 aanor
293 988 350 1051 tali
373 985 539 1051 coniunxit
561 986 694 1051 loedere
716 987 869 1063 arnautis,

28 1090 154 1174 Qualis
176 1094 265 1153 adest
287 1089 436 1166 Thetidi,
460 1089 564 1174 qualis
581 1089 757 1154 eoncordia
779 1090 894 1155 Peleo.

28 1195 172 1260 Currite
196 1197 346 1256 ducentes
368 1192 560 1270 subtemina,
584 1192 720 1267 currite,
743 1192 820 1256 susi.

98 1300 264 1359 Nascetur
288 1293 382 1359 vobis
403 1318 519 1377 expers
543 1294 679 1359 terroris
696 1295 860 1370 Achilles,

28 1398 200 1464 Hostibus
223 1400 307 1460 haud
329 1409 442 1481 tergo,
465 1402 521 1462 sed
540 1397 622 1462 sorti
641 1409 775 1478 pectore
797 1409 914 1462 notus:

29 1501 101 1581 Qui
126 1521 284 1583 persaepe
308 1521 394 1583 vago
417 1498 525 1563 victor
548 1498 720 1564 certamine
741 1522 852 1564 cursus

28 1603 203 1667 Flammea
225 1614 413 1685 praevertet
435 1601 548 1665 celeris
572 1601 709 1685 vestigia
731 1624 860 1666 cervae.

29 1705 175 1771 Currite
198 1708 346 1768 ducentes
369 1703 562 1779 subtemina,
587 1704 723 1780 currite,
746 1705 822 1769 fusi.

99 1810 181 1871 Non
199 1806 246 1869 illi
265 1806 433 1892 quisquam
454 1806 541 1870 bello
565 1828 599 1869 se
620 1807 767 1871 conferet
789 1810 904 1884 beros,

30 1912 147 1993 Quom
165 1908 305 1994 Phrygii
328 1912 457 1972 Teucro
478 1912 648 1971 manabunt
667 1909 820 1993 sanguine
834 1909 926 1988 rivi,

30 2013 229 2097 Troicaque
252 2011 402 2076 obsidens
424 2010 605 2095 longinquo
626 2010 753 2074 moenia
773 2012 859 2077 bello

31 2115 171 2180 Pei-iuri
190 2112 324 2196 Pelopis
345 2113 483 2176 vastabit
505 2112 618 2177 tertius
640 2115 747 2178 heres.

30 2216 172 2283 Currite
195 2221 344 2280 ducentes
365 2214 559 2292 subtemina,
584 2216 722 2292 currite,
745 2215 821 2281 susi.

100 2320 195 2384 Illius
217 2319 365 2405 egregias
386 2317 521 2382 virtutes
544 2318 694 2403 claraque
713 2319 800 2383 facta

28 2425 140 2507 Saepe
163 2422 348 2486 fatebuntur
370 2432 540 2506 gnatorum
562 2419 594 2484 in
612 2420 725 2487 funere
746 2433 883 2488 matresa

28 2706 86 2746 tote
101 2700 261 2760 Macedonia,
280 2701 384 2758 itemque
403 2713 447 2756 pro
466 2700 592 2759 Thessalia
611 2699 717 2756 ponitur.
737 2714 760 2746 v.
775 2703 850 2746 Voss.
865 2702 894 2745 ad
907 2702 975 2761 Virg.
992 2701 1038 2748 Ge.
1054 2701 1083 2758 1,
1098 2701 1156 2753 323.

26 2784 123 2816 serves
133 2770 211 2814 Codd.
224 2771 324 2827 aliquot.
336 2770 390 2815 hine
400 2772 474 2818 Voss.
488 2772 551 2817 coni.
571 2783 667 2815 eervee.
687 2769 737 2815 Sed
749 2784 791 2815 voe
804 2784 864 2830 quoe
876 2772 944 2816 Subi.
963 2772 1062 2818 Astins:
1082 2788 1158 2827 „con-

26 2845 147 2886 struunt:
168 2838 213 2884 eed
229 2853 287 2893 voe,
300 2837 375 2898 suci,
395 2841 492 2884 currite
503 2837 580 2897 feto,
600 2854 662 2899 quoe
681 2846 834 2899 sequuntur,
854 2841 996 2886 subtemine
1012 2842 1158 2891 ducentee.''

27 2913 146 2967 ineptam
165 2910 361 2954 honorationem
379 2911 467 2955 merito
484 2912 612 2964 reiiciens,
632 2910 755 2964 reposuit:
777 2908 922 2955 Veridicum
935 2913 1083 2967 oraculum,
1103 2926 1158 2957 ser-

25 2994 96 3025 oune
121 2993 186 3038 qnae
203 2975 265 3037 fote
288 2985 435 3037 sequentur.
462 2976 619 3023 Currite‘-
644 2982 686 3024 sed
704 2979 750 3024 boc
768 2980 839 3024 nimis
857 2981 940 3039 friget.
973 2982 1060 3038 Quidni
1078 2983 1157 3037 potius

27 3056 180 3094 construas:
201 3047 246 3094 sed
262 3061 304 3092 eos
316 3045 377 3106 snei
392 3049 486 3093 currite
505 3048 623 3094 ducentes
640 3049 799 3103 subtemine,
818 3064 880 3108 qaue
899 3050 1000 3105 (aecus.)
1018 3056 1158 3108 eequuntur

18 3117 88 3179 suta
109 3115 224 3171 (uomit
271 3114 331 3162 332.
346 3118 419 3180 flexo
438 3119 522 3162 animo
540 3121 631 3163 mentis
650 3119 705 3162 Atd.
728 3119 804 3163 Codd.
828 3120 891 3163 Stat.
914 3141 941 3152 -
963 3117 1032 3179 (leue
1050 3125 1073 3162 te
1086 3118 1158 3181 flex-

25 3202 122 3233 animo
140 3188 231 3231 mentis
249 3187 323 3232 Lech.
342 3201 410 3242 susp.
441 3187 494 3247 Ego
510 3189 567 3232 nibil
584 3187 731 3233 difficultatis
747 3190 815 3233 video
830 3189 854 3231 iu
870 3189 935 3246 vulg.
955 3189 990 3232 sic
1006 3194 1156 3233 constructe:

24 3273 98 3319 quae
117 3263 224 3300 mentem
243 3257 289 3301 tibi
302 3254 441 3314 perfundat
458 3271 544 3301 umore
557 3257 700 3320 flexanimo
705 3269 717 3310 ;
741 3258 814 3301 immo
832 3257 890 3300 iaiihi
909 3259 986 3316 tnagis
1004 3261 1100 3313 poetam
1118 3260 1159 3302 de·

25 3343 90 3374 cere
110 3329 219 3380 videtur,
251 3341 321 3384 quam
339 3326 437 3371 Lachm.
459 3328 575 3382 suspicio.
630 3324 690 3372 336.
716 3325 766 3370 Pro
790 3327 903 3371 contexit
925 3327 1090 3372 Lacbinauous
1109 3329 1159 3371 vult

25 3396 178 3450 connexit,
198 3397 300 3450 invitus,
333 3402 358 3440 nt
376 3397 477 3452 opinor,
509 3398 533 3440 in
552 3398 721 3441 soloecismum
739 3397 855 3441 incidens.
874 3396 952 3442 Latini
976 3399 1031 3442 scit.
1050 3398 1160 3442 dicebant

25 3466 185 3512 connexuit.
214 3467 315 3510 Videtur
334 3466 396 3509 idern
415 3479 437 3509 v.
454 3468 568 3510 contexit
585 3467 681 3511 duxisse
701 3480 714 3508 n
733 3466 806 3510 verbo
825 3472 975 3520 contexere,
995 3468 1095 3524 ideoque
1115 3481 1158 3522 pro

25 3540 154 3590 corrupto
173 3534 301 3590 babuisse;
321 3549 393 3592 quoin
411 3536 443 3579 sit
456 3550 469 3578 a
482 3550 506 3579 v.
520 3541 661 3595 contegere.
698 3537 776 3579 Dubia
790 3541 826 3580 est
838 3537 912 3581 etiam
922 3535 1071 3581 Schweneltii
1084 3537 1159 3581 inter·

26 3605 160 3662 pretatio:
187 3603 236 3649 ttte
259 3603 303 3648 liet
324 3603 418 3664 irgend
440 3606 481 3649 ein
498 3603 570 3650 Heus
588 3618 617 3649 eo
634 3603 761 3649 dercliclie
779 3604 854 3649 Liebe
871 3604 1026 3659 versatilem,
1055 3620 1099 3661 pro
1118 3606 1158 3651 be·

25 3674 173 3734 herbergt,
191 3674 320 3718 umw'o‘lbet
336 3676 373 3719 vet
393 3675 472 3719 simile
491 3676 556 3731 quid.
599 3671 737 3720 336.3tt.
757 3675 849 3719 Desunt
864 3674 889 3717 io
905 3676 981 3719 Codd.
999 3676 1119 3720 nonnullis
1135 3680 1160 3721 et

24 3746 79 3790 Ed.
94 3758 133 3799 pe.
155 3744 255 3798 spurios
268 3746 422 3788 censetScat.
460 3741 520 3788 346.
540 3745 591 3788 Pro
607 3745 657 3788 riui
671 3748 746 3788 codex
754 3746 814 3789 Stat.
823 3751 895 3788 tenen
901 3758 912 3799 ‚·
931 3746 978 3789 duo
988 3746 1059 3790 item:
1080 3745 1159 3806 (luem

25 3812 150 3872 Parygtt
167 3819 251 3857 tenero
269 3813 406 3858 monebunt
423 3816 549 3873 sunguine
570 3813 672 3859 Teucri.
710 3815 756 3858 Sed
771 3815 795 3857 in
810 3814 873 3859 coni.
891 3816 945 3859 iude
962 3816 1084 3860 eliciendis
1101 3830 1158 3870 ope-

27 3898 90 3928 ram
105 3883 277 3938 perdideruat:
303 3897 327 3931 v.
349 3898 372 3928 c.
391 3884 602 3941 tenero-compi,
628 3882 840 3939 Teucro-muri,
866 3884 965 3939 trunci,
985 3883 1157 3942 tepidi-rici,

26 3952 190 4012 Phrygiae·
202 3958 301 4006 terroe,
321 3967 391 4009 qnam
407 3954 477 3997 Astio
494 3954 605 4008 probavit
620 3954 722 3997 imitatio
735 3954 805 4012 Virg.
823 3954 847 3998 in
863 3955 945 3999 Colice
962 3951 1021 4000 305.
1048 3952 1159 3998 Teucria

27 4036 109 4083 quom
128 4034 223 4083 magno
240 4029 357 4067 muneret
375 4024 503 4082 sunguine
520 4024 605 4070 tellus.
626 4046 660 4056 -
679 4021 757 4083 (loom
775 4022 886 4084 Ptrygtt
905 4024 1003 4069 Teucro
1021 4022 1160 4065 monebunt

27 4092 165 4152 sunguine
184 4091 269 4148 compi
286 4093 341 4136 Sitl.
372 4092 462 4137 Omisit
477 4106 500 4136 v.
517 4093 615 4137 dubium
627 4092 726 4139 Laetam.
756 4094 817 4137 Mihi
838 4108 893 4138 cuin
907 4108 930 4138 v.
947 4104 1052 4137 manere
1075 4091 1159 4134 etiarn·

27 4176 99 4208 eune
117 4162 205 4207 melius
224 4161 289 4207 coice
308 4163 401 4206 videtur
419 4162 478 4205 riui.
534 4159 593 4209 352.
614 4163 649 4207 lte
667 4164 722 4207 ΑΜ.
743 4160 767 4206 1.
786 4164 862 4207 Doer.
889 4185 922 4197 ·-
948 4174 1005 4205 cum
1022 4159 1050 4202 in
1068 4159 1158 4202 civium

26 4244 116 4277 cenos
136 4251 166 4264 -
186 4243 243 4274 cum
261 4230 393 4276 incurvum
410 4244 488 4276 conos
507 4230 583 4279 Codd.
597 4246 636 4290 ap.
647 4233 710 4278 Stat.
729 4252 762 4267 -
781 4231 860 4292 Quom
874 4231 960 4277 cinere
976 4229 1157 4274 inconosScal.

28 4322 68 4337 -·
87 4314 148 4347 eum
165 4301 273 4347 tremulo
290 4301 398 4347 incunoe
415 4302 471 4348 stt.
485 4298 511 4347 2.
