2772 4750
403 801 434 873 C
462 801 494 874 Α
521 801 554 874 Τ
582 801 614 874 U
639 803 671 876 L
698 804 730 877 L
758 805 775 876 l

217 942 438 1043 Cluuius
468 981 729 1045 uouuuuuu
756 984 960 1054 Mruoul.

491 1167 694 1179 0——

423 1328 453 1390 1.
477 1328 531 1408 (3.
554 1326 755 1411 Doeringii.)

87 1447 238 1529 Lugete,
261 1467 282 1509 ο
302 1447 446 1508 Veneres
466 1444 704 1528 Cupidinesque

24 1547 70 1607 Et
95 1558 249 1630 quanlum
270 1557 319 1618 est
339 1546 502 1609 hominum
527 1546 781 1637 venustioruml·

21 1648 145 1709 Passer
169 1658 311 1710 mortuus
333 1657 381 1709 est
403 1668 489 1712 meae
511 1646 651 1728 puellae,

20 1748 162 1821 Passer,
186 1746 316 1809 deliciae
338 1769 425 1810 meae
446 1747 586 1828 puellae,

21 1847 131 1926 Quem
153 1848 225 1928 plus
247 1847 302 1909 illa
326 1846 428 1910 oculis
450 1847 514 1909 suis
536 1850 678 1909 amabat:

19 1949 107 2009 Nam
131 1947 269 2010 mellitus
291 1959 360 2010 erat
381 1969 530 2032 suamque
552 1960 648 2011 norat

18 2048 101 2129 Ipsa
123 2058 188 2109 tam
210 2051 291 2111 bene
312 2071 405 2130 quam
427 2048 532 2129 puella
556 2059 705 2124 matrem,

20 2149 97 2211 Nee
120 2169 187 2211 sese
210 2171 227 2212 a
249 2150 373 2232 gremio
395 2150 479 2213 illius
502 2153 672 2224 movebat,

18 2248 89 2310 Sed
112 2247 341 2311 circumsiliens
362 2254 460 2315 ruodo
483 2253 545 2313 hue
568 2254 665 2313 modo
689 2249 766 2311 illue

18 2348 75 2411 Ad
96 2348 197 2412 solam
221 2347 378 2409 dominam
400 2369 500 2431 usque
521 2346 690 2427 pipilabat.

18 2449 87 2525 Qui
112 2469 196 2509 nunc
216 2447 241 2508 it
262 2468 321 2528 per
343 2448 404 2509 iter
425 2446 662 2509 tenebricosum

18 2547 123 2620 lllue,
147 2550 227 2609 unde
249 2559 365 2631 negant
386 2548 492 2610 redire
515 2568 715 2632 quemquam.

18 2649 63 2709 At
85 2647 184 2709 vobis
206 2649 285 2711 male
304 2649 364 2723 sit,
388 2650 487 2710 malae
508 2651 658 2711 tenebrae

18 2746 120 2821 Orci,
144 2769 224 2831 quae
244 2749 349 2811 omnia
371 2750 457 2811 bella
476 2749 660 2813 devoratis:

18 2850 101 2909 Tam
125 2848 241 2910 bellum
264 2848 341 2911 mihi
362 2872 523 2931 passerem
545 2851 732 2915 abstulistis.

18 2949 45 3012 Ο
68 2949 193 3011 sactum
216 2949 314 3012 male!
342 2949 376 3014 io
399 2951 519 3013 miselle
541 2972 667 3033 passer,

19 3051 90 3110 Tua
111 3070 196 3111 nune
218 3070 318 3129 opera
339 3072 426 3113 meae
448 3052 571 3132 puellae

19 3149 145 3214 Flendo
167 3150 323 3233 turgiduli
343 3155 459 3225 rubent
481 3154 590 3216 ocelli.

504 3338 550 3402 11.
582 3339 645 3418 (4.)
730 3391 735 3396 .

78 3452 235 3514 Phaselus
252 3451 325 3528 ille,
348 3475 440 3538 quem
464 3455 595 3532 videtis,
619 3457 778 3539 hospites,

19 3551 78 3615 Ait
101 3551 200 3614 fuisse
220 3552 348 3615 navium
371 3555 572 3631 celerrimus,

20 3654 133 3734 ‚leque
153 3651 247 3714 ullius
269 3653 402 3717 natantis
424 3655 574 3737 impetum
597 3658 697 3720 trabis

20 3751 177 3835 lequisse
198 3754 394 3833 praeterire,
417 3756 486 3820 sive
505 3759 653 3839 palmulis
692 3744 696 3747 ¹

20 3852 104 3932 >pus
124 3853 215 3915 foret
237 3855 348 3918 volare
370 3856 437 3921 sive
458 3858 571 3923 linteo·

20 3955 52 4015 lt
74 3955 142 4016 hoe
164 3967 260 4037 negat
283 3955 413 4020 minacis
437 3960 597 4045 Adrialici

20 4056 142 4138 legare
166 4054 240 4117 litus
261 4055 420 4124 insulasve
443 4060 603 4141 Cycladas

20 4157 229 4241 Rhodumque
248 4160 389 4226 nobilem
407 4162 637 4252 horridamque
659 4166 832 4230 Thraciam
911 4198 919 4221 ,·
