2736 4748
190 141 255 218 250

188 264 352 375 Maiarum
373 306 495 391 primns
516 299 659 391 quisquis
679 304 742 370 tuis
763 304 818 369 ille
838 316 986 382 tuorum,
1010 324 1014 329 ·
1095 332 1098 335 ·

187 411 257 476 Aut
278 421 390 509 pastor
412 409 472 475 luit
493 420 545 472 am
567 408 664 486 illud,
686 410 775 491 quod
796 405 1019 473 dicere'nolo.
1254 406 1325 472 275

442 593 619 659 SATIRA
640 593 823 674 QUINTA
842 591 1048 657 DECIMA.

189 714 270 797 Quis
292 713 410 791 nescit,
433 712 554 778 Volusi
577 712 763 794 Bithynice,
788 711 897 799 qualia
919 715 1047 775 demens
1070 720 1077 729 ‘

188 818 362 900 Aegyptus
385 827 532 897 portenta
554 814 665 880 colat?
687 814 888 881 Crocodilon
912 816 1025 877 adorat

187 920 271 984 Pars
293 920 386 992 haec;
409 917 463 980 illa
484 928 582 999 pavet
604 927 742 980 saturam
765 914 968 998 serpentibus
989 914 1068 979 ibin.

188 1019 326 1104 Effigies
348 1018 431 1082 sacri
451 1018 529 1081 nitet
551 1028 647 1081 aurea
669 1015 907 1098 cercopitheci,

187 1120 330 1186 Dimidio
354 1117 494 1203 magicae
516 1129 668 1181 resonant
688 1116 744 1181 ubi
769 1119 945 1181 Memnone
966 1114 1107 1180 chordae
1299 1119 1323 1182 5

186 1223 296 1304 Atque
318 1233 410 1284 vetus
433 1221 546 1282 Thebc
568 1231 693 1281 centrum
715 1219 798 1282 iacet
820 1222 936 1283 obruta
957 1218 1075 1300 portis.

187 1324 259 1388 lllic
280 1322 466 1397 caeruleos,
490 1321 542 1382 hic
563 1318 683 1400 piscem
706 1319 861 1397 fluminis,
886 1319 951 1383 illic

188 1423 317 1507 Oppida
337 1433 407 1486 tota
427 1442 536 1485 canem
560 1432 773 1496 venerantur,
796 1440 890 1485 nemo
912 1419 1073 1495 Dianam3

187 1527 328 1591 Porrum
355 1533 388 1586 et
409 1543 506 1605 caepe
528 1523 616 1586 uelas
640 1522 761 1585 violare
782 1542 820 1584 ac
839 1522 991 1606 frangere
1014 1543 1139 1586 morsu.

187 1627 219 1690 Ο
242 1636 365 1688 sanctas
387 1635 519 1708 gentes,
543 1622 658 1708 quibus
680 1624 760 1687 haec
781 1634 952 1684 nascuntur
971 1621 1005 1684 in
1027 1620 1133 1686 bortis
1275 1626 1320 1687 to

186 1723 342 1791 Numina!
366 1721 497 1787 Lanatis
520 1721 706 1787 animalibus
728 1723 865 1786 abstinet
887 1722 990 1788 omnis

186 1828 317 1891 Mensa.
361 1824 463 1889 Nefas
484 1823 550 1888 illic
571 1824 668 1888 letum
691 1823 836 1909 iugulare
857 1824 1020 1906 capellana

186 1925 348 1993 Carnibus
368 1925 511 1990 humanis
533 1925 618 1989 vesci
639 1924 727 1988 licet.
770 1925 924 1989 Attonito
947 1947 1045 2011 quom

186 2029 268 2092 Tale
290 2049 387 2110 srrper
409 2047 540 2090 coenam
562 2025 687 2089 facinus
710 2037 856 2089 narraret
878 2025 991 2092 Ulixen

186 2128 348 2204 Alcinoo,
372 2127 468 2191 bilem
492 2139 545 2191 sut
567 2125 665 2189 risum
687 2125 829 2191 fortasse
850 2128 1039 2212 quibusdam
1273 2126 1315 2192 15

184 2230 341 2294 Moverat
362 2240 396 2291 ut
419 2230 554 2291 mendax
574 2228 773 2310 aretalogns.
817 2227 879 2300 „In
903 2248 988 2291 mare
1010 2248 1125 2294 nemo*

185 2331 281 2394 Hunc
302 2327 416 2405 abicit,
440 2350 535 2392 saeva
557 2329 688 2412 dignum
712 2348 854 2412 veraque
875 2327 1060 2408 Charybdi,

186 2429 374 2514 Fingcutem
396 2428 547 2495 immanes
569 2431 810 2514 Laestrygonas
831 2440 926 2513 atque
949 2428 1139 2514 Cyclopas?

184 2611 270 2670 legum
296 2610 315 2654 i.
339 2624 362 2655 e.
382 2610 482 2665 „prima
508 2609 601 2653 securis
625 2611 746 2669 legitima,
765 2611 868 2667 primum
895 2612 1038 2666 supplicium
1061 2612 1169 2671 legitime
1187 2618 1312 2668 sumptum

185 2684 239 2735 post
258 2683 293 2722 tot
307 2678 449 2722 arbitrarius
467 2684 490 2723 et
508 2680 644 2725 tirannicus
663 2693 733 2723 neces
752 2695 766 2723 a
783 2680 897 2738 regibus,
917 2681 1059 2736 praesertim
1077 2695 1090 2723 a
1108 2681 1246 2739 Tarquinio
1264 2684 1311 2726 Sn-

185 2747 260 2802 psrbo
278 2747 455 2803 perpetratas.”
502 2742 562 2793 215.
586 2747 651 2807 quod
667 2747 752 2792 dicere
769 2745 837 2806 noto]
862 2762 966 2803 „servus
983 2755 1025 2795 ant
1042 2749 1139 2795 intents
1156 2756 1199 2797 aat
1217 2751 1312 2801 letum·
1363 2818 1364 2821 Ἴ

183 2817 266 2862 Sebol.

538 2920 656 2965 sb'slllb
675 2921 798 2980 QUtttTa
815 2922 951 2971 DECth.

257 3013 281 3060 l.
302 3013 420 3061 Volusius
439 3018 509 3062 uobis
524 3017 630 3074 ignotus.
680 3016 706 3063 3.
726 3018 786 3062 ibim
804 3019 834 3066 F.
854 3015 878 3065 5.
898 3019 944 3064 etr.
964 3019 1086 3075 luscriptt.
1107 3032 1175 3064 tusas
1198 3020 1256 3066 Lat.
1275 3020 1309 3066 ll.

185 3081 332 3131 511-521.
351 3098 375 3130 v.
395 3100 417 3130 c.
437 3086 466 3130 C.
508 3086 665 3133 tumtmvs
695 3087 782 3131 hotta
805 3088 910 3132 PlthA
929 3089 1024 3132 sumis
1050 3088 1163 3133 AVDlVl
1188 3089 1310 3134 VOCRM

184 3153 368 3199 memnonis.
405 3154 458 3199 Cle.
477 3154 599 3199 betronne
616 3155 725 3202 Journal
743 3155 788 3200 dea
806 3169 917 3210 accone,
935 3156 1006 3202 Jein.
1029 3154 1104 3201 isat.
1125 3171 1148 3212 p.
1170 3154 1233 3204 359.
1253 3172 1308 3214 seq.

183 3223 296 3266 Ceterum
316 3223 397 3270 Sebol.
421 3229 538 3267 memorat
562 3225 616 3268 lect.
642 3223 783 3270 Discidium
800 3248 811 3261 ·
828 3250 845 3263 -
861 3223 996 3270 Memnona
1013 3230 1038 3270 et
1060 3223 1197 3270 Memnona
1218 3240 1308 3281 reapse

183 3290 256 3335 babet
287 3291 374 3348 fragm.
406 3292 483 3336 Vatic.
516 3293 576 3345 apud
600 3293 649 3338 Mai
671 3291 753 3338 Closs.
772 3291 846 3339 Aust.
865 3294 896 3339 Τ.
917 3291 942 3339 3.
962 3308 986 3349 p.
1005 3294 1079 3339 xlx.
1129 3292 1153 3339 l.
1173 3297 1309 3340 coeruleos

182 3359 202 3403 i.
221 3373 244 3403 e.
263 3362 371 3404 marinos
390 3361 483 3414 pisces:
509 3362 551 3404 sed
575 3362 677 3407 aeluros
696 3362 793 3420 egregia
814 3367 852 3406 est
870 3364 973 3408 Brodaei
998 3364 1061 3408 eoui.
1080 3369 1177 3417 recepta
1196 3379 1210 3407 a
1231 3363 1307 3408 Web.

178 3426 391 3490 piacesjl.1ll'.,
414 3430 517 3474 uteoni.
536 3429 599 3485 llnp.
636 3429 661 3477 ⁹.
681 3430 876 3489 chACDEFG.
895 3451 930 3468 -
947 3437 971 3476 et
989 3432 1017 3476 B.
1035 3432 1187 3487 nuptast».
1228 3429 1308 3478 10.0

182 3497 428 3550 atultcasuperser.:
456 3503 560 3542 sanctus
577 3498 609 3542 D.
647 3497 689 3544 16.
708 3501 855 3560 uretologua
871 3501 950 3546 vatic.
968 3502 1095 3558 antiquiss.
1110 3501 1140 3545 F.
1179 3497 1225 3545 211.
1241 3498 1308 3560 Cya-

182 3576 228 3608 nes
254 3563 348 3608 CDEF.
373 3579 427 3610 curn
448 3568 580 3624 plerisque.
598 3587 634 3601 -
658 3566 769 3626 Cycneia
794 3571 873 3615 vatic.
896 3571 953 3625 Ab,
982 3572 1044 3627 qnod
1069 3570 1183 3625 praetulit
1209 3570 1306 3624 st.,

181 3634 215 3677 ita
234 3633 289 3677 scil.
310 3636 356 3687 „ot
377 3635 410 3678 sit
426 3634 544 3683 ablativus
565 3641 588 3681 et
610 3637 700 3682 indicet
721 3639 860 3695 regionem,
880 3639 903 3682 in
925 3652 972 3696 qna
993 3652 1052 3682 saxa
1069 3640 1110 3683 illa
1132 3641 1307 3683 concurrunt!

182 3701 229 3746 etr.
249 3700 338 3754 odyss.
361 3699 403 3756 tt,
423 3699 466 3748 55.
512 3701 554 3750 25.
575 3710 690 3750 temetum
710 3705 853 3757 deduxerat
873 3708 935 3752 ota.
956 3709 1018 3761 inei,
1044 3712 1068 3752 et
1087 3708 1167 3752 vatic.
1188 3707 1304 3752 adversus

181 3773 303 3826 ruetrum;
328 3771 352 3813 iu
368 3769 398 3816 Α.
414 3774 492 3816 tamen
509 3774 593 3818 vitium
610 3779 757 3820 enrrectmu.
776 3774 920 3831 (minimum
937 3799 949 3813 ·
967 3801 978 3813 ·
996 3776 1081 3820 temeti
1100 3777 1205 3821 coniecit
1218 3777 1305 3820 Schra-

182 3833 279 3894 derus.)
325 3835 367 3882 26.
387 3835 459 3896 haec]
481 3840 542 3885 cue.
561 3844 608 3888 mei
626 3849 718 3900 septem
741 3849 765 3888 et
781 3846 861 3890 vatic.
881 3868 915 3878 -
931 3842 977 3890 hoc
993 3847 1074 3904 vulgo.
1121 3845 1202 3890 Etiam
1222 3846 1304 3892 Sebol.

161 3897 168 3911 ⁶
181 3906 240 3965 „qni
261 3918 292 3949 sc
320 3906 372 3952 sine
399 3911 459 3952 teste
485 3910 626 3955 narrabat.”
680 3911 722 3957 27.
742 3913 814 3957 uinio
832 3913 886 3958 AG.
905 3933 936 3949 -
954 3913 1132 3959 minto'lunco
1149 3915 1206 3959 med
1229 3917 1306 3960 eninm

181 3975 274 4028 punctis
292 3971 427 4030 notatum)
445 3976 475 4021 F.
495 3994 528 4009 -
545 3976 622 4020 luneo
637 3981 709 4024 etiam
730 3982 809 4026 vatic.
829 3988 852 4027 et
867 3982 898 4026 1).
939 3982 1031 4027 Poetae
1056 3983 1200 4028 necessitate
1229 3983 1305 4028 eoacti
1336 4002 1341 4013 ·

182 4054 254 4084 uuum
276 4043 397 4086 dumtaxat
419 4042 542 4084 consulem
567 4045 698 4090 nominaui.
736 4050 776 4094 Sic
798 4050 886 4095 Catuli.
909 4048 967 4103 l23,
994 4052 1018 4095 1.
1047 4048 1152 4095 Conssde
1174 4051 1304 4108 Pompeio.

183 4109 214 4162 Q.
233 4108 326 4152 lunium
344 4109 469 4152 Rusticum
487 4119 511 4150 a.
531 4121 556 4151 u.
576 4106 635 4155 872.
656 4117 759 4159 secundo
782 4132 809 4162 ae
837 4120 910 4164 tertio
938 4120 1053 4163 llsdriaui
1079 4123 1204 4165 consulein
1231 4121 1305 4167 fuisse

183 4179 277 4218 constat
296 4188 350 4221 cum
366 4174 489 4218 Hadriano
507 4174 553 4219 tlt.
573 4176 632 4224 Cos.
652 4181 722 4225 Auno
740 4190 819 4230 autem
841 4192 896 4244 post
910 4188 972 4235 lunii
994 4190 1144 4235 consulatum
1170 4190 1235 4235 bane
1250 4191 1304 4235 sati·
