2750 4744
34 351 104 413 Me
129 349 190 412 tibi
211 349 379 431 supposui.
426 353 572 414 Teneros
594 363 628 414 tu
650 351 785 434 suscipis
807 373 906 417 annos

34 453 237 527 Socratico,
263 449 432 527 Cornuto,
458 451 542 514 sinu.
589 455 682 516 Tunc
703 454 814 518 fallere
836 456 951 518 sollers

34 554 212 636 Apposita
235 554 373 618 intortos
397 555 540 617 extendit
562 557 673 639 regula
697 578 804 621 mores

34 659 89 721 Et
115 657 272 738 premitur
293 655 419 721 ratione
441 655 561 719 animus
585 657 735 742 vincique
758 662 885 724 laborat

33 760 282 843 Artificemque
304 770 360 822 tuo
383 758 468 822 ducit
490 762 550 822 sub
572 760 689 843 pollice
712 764 845 828 voltum.
869 824 872 833 ,

35 865 177 926 Tecum
193 860 306 925 etenim
329 862 449 946 longos
473 862 594 925 memini
617 884 806 927 consumere
829 866 914 928 soles

35 967 88 1029 Et
114 977 218 1027 tecum
242 963 360 1046 primas
384 964 485 1046 epulis
508 967 684 1047 decerpere
707 978 831 1031 noctes.

35 1070 156 1133 Unum
179 1087 260 1148 opus
283 1078 315 1129 et
336 1065 477 1148 requiem
499 1067 621 1148 pariter
644 1068 840 1149 disponimus
864 1070 956 1132 ambo

37 1171 160 1253 Atque
182 1171 361 1232 verecunda
383 1168 524 1231 laxamus
548 1169 630 1232 scria
652 1191 771 1235 mensa.

37 1273 127 1335 Non
151 1272 296 1355 equidem
317 1272 381 1334 hoc
403 1270 545 1348 dubites,
571 1274 736 1356 amborum
758 1258 1004 1336 foederecerto
1129 1277 1169 1346 45

39 1374 243 1439 Consentire
265 1373 332 1436 dies
355 1386 386 1436 et
408 1375 448 1435 ab
471 1395 535 1438 uno
559 1374 662 1437 sidere
685 1375 769 1437 duci.

38 1479 173 1540 Nostra
196 1476 249 1539 vel
272 1474 396 1557 aequali
418 1476 581 1558 suspendit
602 1487 749 1557 tempora
772 1477 875 1540 Libra

39 1581 155 1643 Parca
177 1589 273 1640 tenax
296 1578 385 1652 veri,
409 1598 465 1640 seu
487 1589 559 1640 nata
581 1579 728 1641 fidelibus
751 1582 833 1643 hora

39 1680 175 1745 Dividit
196 1681 227 1742 in
250 1680 402 1744 Geminos
425 1682 597 1744 concordia
619 1681 686 1743 lata
708 1683 844 1746 duorum

45 1783 288 1865 Saturnumque
311 1803 442 1866 gravem
466 1793 580 1846 nostro
604 1784 685 1847 Iove
707 1783 885 1869 frangimus
909 1806 989 1847 rnna:
1129 1785 1174 1846 50.

42 1883 172 1948 Nescio
195 1886 302 1968 quod,
327 1896 413 1946 certe
437 1895 502 1960 est,
527 1888 616 1968 quod
639 1907 688 1948 me
711 1887 770 1948 tibi
792 1898 966 1967 temperat,
992 1897 1124 1949 astrruu.

45 1986 148 2049 Mille
170 1985 331 2049 hominum
354 1986 475 2068 species
498 1977 530 2049 et
551 2007 660 2048 rerum
683 1986 824 2051 discolor
847 2009 942 2050 usus:

44 2089 147 2153 Velle
169 2110 258 2150 suum
282 2088 396 2171 cuique
418 2101 466 2151 est
487 2109 547 2152 nec
569 2100 647 2153 voto
671 2088 791 2152 vivitur
813 2110 891 2153 uno.

45 2192 219 2256 Mercibus
242 2190 294 2253 lu'c
315 2190 403 2254 Italis
427 2202 525 2254 mutat
547 2193 606 2253 sub
628 2191 697 2255 sole
719 2191 843 2255 recenti

46 2297 221 2377 Rugosum
242 2293 337 2374 piper
358 2304 390 2356 ct
411 2293 557 2373 pallentis
580 2315 678 2378 grana
701 2293 830 2356 cumini.

47 2397 114 2460 Hic
136 2407 227 2459 satur
247 2395 375 2481 irriguo
398 2396 520 2459 mavolt
541 2407 729 2479 turgescere
751 2417 888 2461 somno:

47 2499 113 2562 Hic
136 2521 250 2582 campo
271 2498 435 2583 indulget:
459 2500 544 2561 hunc
565 2500 634 2561 alea
658 2498 828 2583 decoquit:
853 2498 917 2569 ille=

48 2605 85 2666 ln
109 2604 273 2666 Venerem
296 2612 344 2664 est
365 2602 486 2683 putris:
512 2602 567 2663 sed
590 2622 686 2684 quom
710 2601 852 2683 lapidosa
876 2600 1025 2684 chiragra

48 2704 204 2786 Fregerit
224 2703 397 2780 articulos,
423 2703 540 2767 veteris
562 2702 691 2765 ramalia
712 2703 800 2788 lagi,

50 2810 145 2870 Tunc
168 2828 293 2869 crassos
316 2806 467 2870 transisse
491 2806 556 2869 dies
578 2807 745 2889 lucemque
764 2807 954 2889 palustrem,
1130 2809 1171 2867 60

53 3091 56 3098 Ι
122 3035 166 3085 36,
187 3061 219 3070 -
238 3042 288 3081 tam
304 3050 327 3082 s.
348 3037 485 3081 S.-cam
501 3049 523 3081 s.
537 3037 574 3080 M.
595 3037 632 3081 lb.
649 3036 806 3093 —suspieis
817 3037 847 3084 T.
887 3032 972 3082 37.·-
987 3041 1037 3079 tum
1049 3032 1166 3093 flEAM.

54 3105 93 3151 tt.
114 3102 232 3150 extendit
248 3106 338 3151 Omnes
362 3108 418 3149 mei.
457 3103 499 3150 42.
520 3130 543 3139 -·
564 3104 701 3150 destertere
717 3107 745 3151 F.
784 3104 826 3150 45.
846 3129 879 3139 -
898 3102 959 3147 irase
981 3103 1039 3149 duh.
1059 3105 1117 3148 TM.
1138 3125 1172 3136 —

52 3176 164 3236 equidem
178 3174 275 3220 dubites
289 3175 320 3219 R.
359 3174 400 3220 51.
419 3173 512 3220 Nescio
527 3173 601 3235 quod]
620 3176 671 3221 Vl..
694 3197 723 3208 -
742 3173 775 3220 N.
792 3173 853 3233 qaid
864 3174 983 3218 TRSAM.
1003 3173 1039 3217 lb.
1060 3198 1092 3207 -
1111 3179 1171 3217 tem·

49 3253 120 3304 peret
137 3246 213 3291 RSM.
252 3244 293 3290 55.
313 3269 345 3279 -
364 3245 463 3303 cymini
481 3246 511 3290 T.
529 3250 552 3290 et
570 3246 656 3304 Margo
672 3246 699 3289 S.
721 3264 753 3280 ·-
772 3243 860 3287 cimini
874 3243 928 3287 VA.
967 3239 1008 3288 57.
1029 3267 1061 3276 —
1080 3242 1170 3301 dequo·

54 3317 104 3374 quit
123 3315 154 3361 R.
216 3311 257 3359 58.
276 3314 307 3359 ln
325 3312 446 3358 Venerem
464 3320 503 3358 est
516 3315 620 3373 putris:
648 3311 704 3372 sed]
731 3314 799 3358 Est.
821 3314 900 3357 -in
921 3310 1042 3356 Venerem
1064 3312 1171 3368 putris:

54 3383 98 3429 sed
114 3387 150 3430 Μ.
176 3404 210 3415 -
232 3383 262 3428 In
281 3391 389 3429 ventrem
407 3381 466 3442 (sic)
480 3385 566 3443 putris
585 3390 642 3429 eet:
671 3382 717 3428 sed
740 3384 815 3428 TRV.
867 3380 908 3428 59.
938 3401 972 3415 -·
996 3395 1018 3424 r.
1038 3377 1119 3440 frugi
1139 3382 1170 3424 ll.

57 3451 95 3500 60.
124 3456 237 3499 transire
257 3468 380 3510 superscr.
400 3468 437 3499 ss.
457 3455 487 3499 R.
506 3473 537 3489 -
556 3454 670 3499 traxisse
688 3454 719 3497 T.

27 3640 30 3681 ζ
122 3614 164 3662 38.
184 3615 294 3662 ostendit
311 3632 333 3661 r.
381 3612 423 3661 5¹.
442 3615 553 3672 Nescio,
573 3615 650 3675 quid?
676 3614 746 3662 eerts'
759 3615 802 3671 pr.
848 3612 889 3659 58.
909 3613 938 3657 In
957 3626 1069 3657 venerem
1085 3612 1172 3669 patrie

28 3688 32 3759 l
59 3687 120 3731 ww.
141 3687 178 3731 lb.
199 3684 327 3747 cheragra
346 3687 402 3730 rW.

30 3776 33 3835 ,
59 3789 202 3801 „-

32 3838 36 3941 q
124 3849 166 3895 47.
191 3849 286 3895 Nostra
305 3851 343 3895 oet
360 3848 470 3911 aequati]
488 3851 540 3897 Hoc
558 3852 687 3895 secuudum
710 3849 849 3907 astrologos
868 3848 934 3892 dicit.
982 3846 1013 3890 Et
1033 3846 1070 3890 hic
1090 3859 1175 3891 sensns

61 3925 142 3965 tractus
171 3926 208 3965 est
232 3920 262 3964 ab
287 3921 407 3965 Horatio:
440 3921 479 3976 (C.
507 3918 538 3976 2,
568 3919 609 3965 ll.
639 3918 692 3972 14.)
736 3918 787 3962 Seu
807 3916 885 3961 Libra
916 3929 962 3961 scu
992 3930 1031 3959 me
1055 3915 1177 3972 Scorpius

62 3992 154 4046 aspicit.
193 3988 235 4036 52.
256 3988 328 4033 Mille
347 3988 476 4034 hominum
490 3988 600 4048 speeies]
618 3989 650 4032 Et
669 3989 796 4033 Horatius:
825 3986 864 4044 (S.
885 3984 910 4040 2,
933 3983 1005 4040 127.)
1025 3983 1177 4044 Quotcapi·

63 4063 107 4102 tam
137 4059 232 4114 sinunt,
265 4058 367 4103 totidem
393 4059 535 4105 studiorum
561 4057 657 4104 Miltia.
703 4058 735 4101 Et
759 4058 904 4102 Terentius:
937 4055 993 4110 (Pa.
1014 4051 1043 4106 2,
1075 4051 1100 4096 4.
1121 4049 1175 4106 tt.)

64 4125 120 4186 Quot
136 4130 237 4187 capita,
258 4134 293 4173 tot
310 4129 458 4173 sententiae.
497 4127 538 4177 53.
559 4128 626 4174 Velle
645 4142 718 4173 suum
737 4129 824 4186 cuique
839 4124 887 4182 set]
906 4124 938 4168 Et
955 4123 1088 4180 Virgilius:
1109 4120 1174 4174 (Ecl.

40 4208 42 4243 ζ
65 4194 86 4249 2,
105 4195 157 4255 ⁶5.)
175 4197 255 4244 trahit
272 4213 320 4243 sua
341 4212 460 4259 quemque
478 4201 602 4256 voluptas.
647 4197 688 4243 54.
709 4197 759 4242 Sub
777 4197 829 4240 eote
848 4189 953 4251 recenti]
971 4190 1016 4233 Est
1035 4189 1073 4231 hic
1092 4200 1177 4231 sensus

67 4264 91 4308 ab
112 4269 210 4314 Horatio
227 4274 336 4315 nactus:
357 4269 393 4325 (S.
416 4266 445 4323 1,
467 4265 491 4314 4.
512 4267 567 4327 29.)
586 4265 633 4312 Hic
653 4272 732 4311 mutat
748 4276 846 4310 merces
864 4264 983 4319 surgente
1002 4271 1017 4299 a
1035 4256 1097 4301 sole.
