2772 4750
103 336 231 399 Troica
254 338 307 422 qui
329 338 478 421 profugis
501 360 591 403 saera
614 342 707 404 vehis·
725 344 864 420 ratibus,

36 435 104 496 [am
129 437 191 499 tibi
213 441 394 502 Laurentes
416 439 557 523 assignat
578 442 727 523 Iuppiter
747 461 863 529 egros3

99 537 176 598 Iam
199 550 296 601 vocat
317 551 460 603 errantes
481 540 608 622 hospita
630 553 717 606 terra
739 548 854 610 Lares.

32 636 111 698 Illic
135 649 267 701 sanctus
291 640 370 716 eris,
396 661 493 724 quom
516 653 547 704 te
571 648 750 708 veneranda
773 649 898 712 Numici

99 730 200 801 Unda
224 742 316 803 deum
339 742 428 804 caelo
453 741 573 804 miserit
595 745 786 828 Indigetem.

32 839 126 901 Ecce
152 861 251 921 super
270 841 371 903 fessas
393 838 508 904 volitat
529 842 677 907 Victoria
701 853 843 928 puppes!

99 941 249 1002 'l‘andem
273 944 312 1003 ad
334 941 496 1005 Troianos
519 943 592 1005 dira
615 950 752 1026 superba
777 950 878 1012 venit.
958 1006 961 1011 .

31 1042 128 1102 Ecce
155 1040 230 1102 milri
250 1044 358 1103 lucent
379 1043 507 1106 Rutulis
528 1044 674 1106 incendia
697 1048 827 1117 castris!
868 1118 871 1121 ,

96 1142 172 1203 Iam
196 1140 254 1203 tihi
274 1143 446 1222 praedico,
472 1146 607 1207 barbare
630 1149 761 1222 Turne,
785 1170 906 1212 necem.

31 1241 123 1303 Ante
149 1243 263 1320 oculos
285 1245 432 1306 Laurens
454 1252 787 1330 castrnm'murusque
808 1251 928 1313 Lavini
953 1266 1000 1315 est

97 1342 256 1425 Albaque
278 1346 318 1404 ab
341 1345 483 1408 Ascanio
506 1346 633 1409 condita
654 1349 773 1431 Longa
798 1353 889 1413 draeo.
936 1416 941 1423 ,
1029 1410 1035 1418 ,
1117 1362 1156 1421 50

31 1445 82 1505 'l'e
108 1464 245 1526 qrroque
267 1443 327 1505 iam
350 1445 464 1520 video,
489 1446 589 1508 Marti
611 1448 766 1528 placitura
787 1455 958 1529 sacerdos,

95 1543 182 1619 llia,
210 1545 359 1607 Vestales
381 1545 558 1609 deseruisse
581 1549 695 1622 locos,

31 1643 306 1727 Concubitusque
328 1656 402 1708 tuos
423 1646 532 1709 furtim
555 1648 714 1732 vittasque
734 1649 872 1714 iacentes

97 1746 147 1806 Et
169 1744 278 1824 cupidi
300 1749 340 1807 ad
361 1746 446 1826 ripas
469 1768 554 1811 erma
577 1749 689 1826 relicta
710 1751 772 1813 dei.

31 1843 173 1925 Carpite
197 1866 297 1919 nrrnc,
322 1847 427 1922 larici,
453 1850 491 1909 de
513 1861 632 1929 septem
655 1852 816 1923 montibus
837 1855 972 1930 herbas,
1113 1862 1152 1921 55

95 1947 187 2008 Dum
209 1945 301 2020 licet;
326 1947 378 2008 hic
401 1968 534 2030 magnae
556 1949 617 2011 iam
639 1951 729 2013 locus
753 1952 839 2012 urbis
862 1953 933 2014 erit.

32 2049 162 2122 Roma,
189 2058 277 2108 tuum
299 2068 416 2109 nomen
438 2037 543 2111 terris*
556 2050 654 2112 fatale
676 2051 845 2133 regendis,

96 2149 171 2226 era
196 2169 252 2209 sna
274 2148 322 2210 de
337 2149 425 2212 caelo
446 2150 603 2229 prospicit
624 2136 702 2211 arva
725 2149 847 2226 Ceres,

30 2249 172 2331 Quaque
195 2260 303 2328 patent
325 2259 415 2311 ortus
438 2260 552 2330 etqua
575 2250 770 2313 fluitantibus
794 2252 884 2313 undis

94 2349 185 2412 Solis
209 2350 389 2412 anhelantes
412 2348 511 2411 abluit
533 2350 631 2413 amnis
655 2370 766 2432 equos.

29 2449 135 2513 'l'roia
159 2449 286 2532 quidem
309 2462 384 2511 trine
404 2471 438 2512 se
460 2449 627 2512 sulcabitur
649 2464 681 2513 et
701 2450 761 2512 sibi
783 2452 865 2515 dicet

96 2552 175 2613 Vos
197 2552 277 2612 bene
300 2561 362 2612 tam
384 2551 483 2633 longa
507 2551 704 2614 consuluisse
727 2553 791 2614 via.

29 2654 124 2714 Vera
147 2672 249 2725 cano,
274 2651 443 2734 sinusque
465 2672 572 2714 sacras
593 2650 723 2714 innoxie
745 2653 853 2716 latirus

92 2754 225 2814 Vescnr
247 2763 278 2812 et
300 2763 459 2813 aeternum
481 2750 522 2814 sit
544 2752 619 2814 mihi
642 2752 859 2833 virginitasl''

30 2855 127 2915 Haec
150 2850 267 2914 cecinit
289 2861 377 2914 vates
401 2863 432 2913 et
453 2863 486 2925 tc
507 2852 584 2929 sibi,
608 2854 766 2929 Phoebe,
793 2856 937 2931 vocavit,
1110 2863 1149 2923 65

28 3034 110 3078 libros
129 3030 249 3076 attulisse
268 3030 303 3076 ud
320 3031 486 3091 Tarquinium
498 3029 622 3077 'Priscum
640 3053 674 3068 -
691 3055 725 3069 -
742 3038 854 3076 ortueom
875 3032 1103 3099 Hellesponticum,
1123 3040 1151 3081 in

27 3115 95 3161 agro
115 3100 231 3145 Troiano
258 3106 342 3144 nulum
355 3102 419 3145 eico
436 3099 594 3156 Mermesso,
625 3102 696 3144 circo
720 3100 838 3158 oppidum
859 3099 1013 3161 Gergitium.
1035 3126 1063 3138 -
1083 3104 1150 3149 deci·

25 3184 94 3214 mom
128 3168 274 3221 Tiburtem,
306 3169 405 3213 nomine
431 3168 584 3223 ultumam,
627 3182 692 3227 ptrue
715 3169 806 3212 Tiburi
830 3169 928 3213 colatur
958 3176 984 3214 ut
1001 3170 1049 3215 dcc
1076 3172 1150 3216 irixlu
1234 3169 1238 3178 “

25 3240 99 3296 ripun
118 3237 208 3281 csnnis
224 3236 347 3291 Anienis,
373 3238 447 3281 euius
465 3238 492 3281 in
510 3240 612 3298 gurgite
627 3239 792 3281 simulacrum
814 3237 868 3280 eius
889 3238 1012 3281 incentum
1034 3252 1089 3283 esee
1111 3240 1149 3284 di·

24 3310 92 3353 cilur
112 3314 205 3351 tenens
223 3306 250 3348 in
268 3319 343 3348 manu
365 3305 475 3364 librum,
504 3307 577 3350 cuiue
595 3312 676 3350 sortes
694 3304 801 3349 Senutus
824 3305 852 3347 in
870 3302 1019 3362 Capitolium
1038 3313 1149 3352 truuslu·

24 3378 101 3420 lerit:
135 3374 192 3418 cta.
215 3375 285 3418 etism
304 3372 455 3418 Miceiunrun
473 3373 597 3429 (lupellum
618 3374 672 3421 Lib.
693 3372 718 3420 2.
744 3387 768 3428 p.
787 3371 829 3417 6¹l.
867 3374 1021 3431 Wulthard.;
1042 3377 1082 3418 ubi
1101 3379 1149 3420 alie

25 3447 168 3489 traduntur.
189 3442 258 3486 scih:
278 3438 378 3500 Sibylla
395 3443 433 3486 uel
448 3441 609 3501 Erythraea,
629 3456 738 3500 pisceque
757 3441 867 3485 Cumueu
885 3449 940 3496 esl,
959 3445 997 3487 uel
1013 3441 1148 3501 Phrygio?

25 3528 89 3571 prius
110 3524 167 3556 non
185 3509 286 3564 decem,
313 3517 492 3566 ultimorum,
518 3510 564 3556 sed
580 3510 644 3556 dune
655 3507 745 3568 juisse
762 3522 812 3553 non
830 3511 929 3563 nescis,
948 3510 976 3553 id
993 3516 1048 3564 est,
1070 3510 1149 3555 Hero·

23 3580 115 3639 philea
148 3577 303 3632 Troianum,
335 3577 478 3623 Murmenss'
505 3577 562 3636 (sic)
585 3578 686 3640 filium,
717 3584 740 3620 et
770 3576 958 3635 Symsnuclrium
976 3576 1147 3636 Hyppolensis

20 3649 120 3712 filium,
135 3661 201 3706 quoe
213 3645 358 3705 Erythraea
367 3648 502 3707 progenitis
512 3678 519 3701 ,
540 3648 616 3691 elium
627 3644 711 3705 Gumis
720 3651 758 3688 est
769 3646 915 3690 eulieinutu.
929 3647 959 3690 H.
977 3647 993 3689 l.
1008 3648 1150 3702 Herophilo,

25 3719 150 3775 Apollinis
173 3716 289 3760 Sminthei
311 3717 439 3770 sacerdos,
458 3717 488 3760 ab
506 3715 630 3760 Amalthea
650 3715 812 3771 distinguitur.
855 3715 906 3758 Pro
923 3712 1077 3759 Mermessio
1096 3719 1149 3763 Sel-

24 3789 98 3833 tnssii
128 3786 196 3830 coni.
229 3784 285 3828 libri
313 3785 402 3831 babent
423 3782 564 3841 lllurpeeiu.
590 3784 635 3827 cir.
660 3783 735 3827 Pons·
757 3779 803 3841 10,
831 3779 871 3826 12.
892 3782 931 3826 ubi
951 3784 1001 3837 ipsa
1023 3785 1146 3839 loquitur:

24 3853 135 3923 πατρὶς
153 3849 187 3900 δέ
203 3850 258 3914 μοί
274 3849 356 3901 ἔστιν
373 3848 483 3921 ἐρυθρή
495 3848 681 3921 Μάρπησσος
700 3873 731 3883 -
749 3851 809 3894 uude
825 3849 929 3894 fortasse
945 3853 1088 3899 coniunctim
1099 3854 1147 3908 leg.
1159 3901 1173 3914 ,Α

23 3920 152 3982 quidquid
169 3918 316 3978 llluipessia
333 3920 402 3965 dixit
417 3919 561 3979 Herophilo.
611 3919 653 3974 (Et
675 3914 722 3972 in,
754 3923 779 3960 ut
801 3918 909 3963 volebam
937 3921 960 3963 in
985 3920 1031 3964 Ed.
1050 3922 1132 3975 prium
1140 3950 1147 3971 ,

25 3993 127 4046 scripsit
142 3989 261 4044 Lachm.;
281 3991 341 4033 unde
359 4003 420 4033 nune
442 3988 542 4044 recepi.)
578 3991 603 4032 Si
623 4001 679 4031 rem
698 3999 752 4029 corn
770 3988 859 4039 Vossio
879 4000 923 4041 pro
941 3985 1036 4031 Phoebo
1054 3988 1146 4028 scribas

24 4060 123 4113 Demo,
146 4062 188 4100 aut
205 4059 267 4114 quod
284 4057 432 4111 probabilius
450 4061 515 4100 certe
537 4062 602 4110 eret,
622 4069 675 4100 cum
694 4056 816 4099 Huschkio
835 4052 916 4112 Phyto
933 4054 1034 4109 (sibun
1047 4052 1145 4104 Sarnis),

26 4135 76 4173 tum
94 4127 196 4183 quidem
214 4131 338 4183 gratoque
357 4139 404 4170 uon
419 4124 529 4178 babebit,
550 4139 596 4181 qno
609 4123 743 4179 referetnr3
763 4136 817 4166 unm
836 4127 860 4166 et
874 4124 936 4177 apud
953 4121 1024 4164 Ouid.
1045 4119 1144 4171 Metam.

27 4194 74 4251 tl,
98 4191 161 4239 123.
199 4194 291 4248 sibun
309 4192 350 4239 clis
365 4193 518 4253 gratissime,
538 4207 585 4238 non
604 4192 743 4246 simpliciter
762 4193 838 4248 grum
858 4186 953 4232 dicitur.
