2772 4750
234 229 299 291 100

233 385 353 453 Mollia
371 388 506 450 nudatae
529 385 696 448 tollentem
716 382 858 468 tegmina
879 405 992 447 surae:

235 497 344 580 Atque
367 493 448 560 haec
469 486 620 552 extremis
643 498 791 549 maestam
815 485 934 549 dixisse
955 486 1113 571 querelis,

233 595 423 681 Frigidulus
449 594 513 655 udo
536 589 693 673 singultus
716 611 775 653 ore
798 589 953 652 cientem:

230 745 252 781 ,‚
263 697 391 764 Siccine
414 718 463 760 me
481 692 594 777 patriis
615 703 776 767 avectam,
799 693 939 774 perfide,
963 693 1004 753 ab
1022 691 1107 766 oris,

235 804 384 875 Perfide,
407 802 535 861 deserto
552 794 674 882 liquisti
692 794 724 856 in
746 794 859 870 litore,
884 794 1036 858 Theseu?

235 903 365 970 Siccine
387 903 551 965 discedens
574 897 723 982 neglecto
748 896 874 960 numine
896 897 1026 972 divom,

234 1009 409 1072 Immemor
428 1005 486 1067 ah!
513 1006 630 1065 devota
653 1002 782 1063 domum
802 999 942 1081 periuria
965 1000 1101 1082 portas?

234 1110 373 1174 Nullane
392 1128 445 1170 res
463 1103 571 1187 potuit
593 1103 733 1165 crudelis
746 1102 883 1165 ¹flectcre
905 1102 1018 1164 mentis

237 1209 442 1279 Consilium?
463 1206 524 1270 tibi
546 1205 630 1268 nulia
653 1204 714 1267 fuir
732 1204 900 1267 clementia
921 1217 1068 1286 praesto,

233 1312 361 1378 Immite
381 1322 416 1372 ut
437 1309 542 1373 nostri
560 1308 657 1370 veliet
679 1305 883 1370 miserescere
905 1307 1041 1389 pectus?

233 1408 280 1480 At
302 1435 367 1478 non
388 1415 468 1474 haec
486 1413 648 1496 quondam
670 1409 764 1473 nobis
786 1409 946 1491 promissa
971 1408 1085 1472 dedisti

233 1519 351 1590 Vnce;
374 1514 451 1578 mihi
474 1535 539 1576 nun
557 1516 623 1577 hnc
646 1512 778 1575 miserae
800 1533 932 1594 sperare
949 1511 1098 1588 iubebas,

233 1621 300 1684 Sed
321 1616 481 1683 connubia
498 1616 597 1690 laeta,
621 1618 677 1677 sed
695 1625 826 1696 optatos
849 1616 1061 1693 hymenaeos:

234 1722 325 1803 Quae
347 1730 462 1784 cuncta
485 1717 568 1780 aerii
591 1716 776 1797 discerpunt
797 1715 889 1779 irrita
912 1716 1013 1779 venti.

229 1826 329 1888 Nune
350 1822 412 1887 iam
433 1821 518 1884 nulla
541 1819 616 1882 viro
639 1818 756 1880 iuranti
774 1817 891 1880 semina
913 1822 1040 1895 credet,

232 1926 331 1990 Nulla
351 1924 415 1987 viri
436 1934 544 2007 speret
564 1942 728 1985 sermones
750 1941 818 1983 esse
837 1921 959 1984 fidelis:

232 2028 315 2109 Quis
335 2030 408 2089 dum
430 2024 554 2111 aliquid
574 2023 705 2106 cupiens
726 2022 851 2085 animus
870 2024 1047 2107 praegestit
1067 2023 1188 2105 apisci,

230 2129 291 2194 nil
311 2140 453 2192 metuunt
473 2127 597 2201 iurare,
621 2125 701 2188 nihii
723 2125 915 2207 promittere
938 2138 1094 2209 parcunt:

232 2234 298 2295 Sed
319 2230 409 2294 simui
431 2253 470 2293 ac
491 2227 626 2312 cupidae
646 2227 758 2292 mentis
778 2227 889 2291 satiata
908 2229 1010 2293 libido
1031 2240 1094 2307 est,
1170 2290 1173 2295 ⁴

226 2332 330 2399 ,Dicta
351 2331 433 2396 nihil
455 2344 610 2407 metuere,
633 2331 713 2394 nihil
735 2330 876 2412 periuria
898 2344 1023 2396 curant.

231 2435 331 2501 Certe
351 2456 415 2519 ego
433 2445 465 2497 te
484 2433 517 2497 in
538 2433 643 2498 medin
663 2445 842 2497 versantem
860 2434 989 2498 turbine
1010 2435 1065 2500 leti

230 2535 348 2620 Eripui
370 2547 403 2599 et
423 2534 532 2618 potius
555 2556 739 2620 germanum
762 2535 907 2599 amittere
930 2538 1038 2614 crevi,

230 2640 335 2721 Quam
356 2638 416 2703 tibi
436 2638 545 2702 fallaci
567 2659 718 2719 supremo
740 2636 772 2699 in
795 2648 941 2720 tempore
962 2644 1115 2706 deessem.

229 2742 300 2807 Pro
322 2763 389 2828 qun
412 2741 615 2805 dilaceranda
635 2739 714 2804 ieris
736 2742 840 2803 dabor
862 2740 1054 2827 alitibusque

228 2844 357 2909 Praeda
377 2865 480 2930 neque
499 2842 617 2906 iniecta
636 2842 820 2906 tumulabor
843 2855 968 2907 mortua
992 2856 1093 2910 terra.

284 3052 343 3102 133.
362 3057 420 3102 urie
432 3058 506 3100 Voss.
521 3056 604 3100 Boron.
655 3052 714 3101 ise.
732 3055 900 3100 miserescere
912 3057 982 3101 Aidt.
996 3059 1028 3103 nt.
1049 3059 1075 3103 Ιιι
1088 3059 1150 3103 Mes.
1165 3050 1350 3108 lectionesrite·

139 3129 142 3133 ’
225 3139 300 3171 erere
311 3129 400 3172 misere
416 3139 471 3172 sese
484 3130 597 3183 torquent
607 3124 668 3169 Eds.
679 3127 751 3168 modo
765 3139 829 3186 ergo
842 3129 980 3181 supplentes
995 3130 1024 3171 ed
1037 3141 1060 3172 r.
1073 3130 1157 3172 nostri
1168 3129 1275 3187 (Voss.)
1285 3136 1350 3177 ruodo

226 3201 394 3241 construentes
401 3202 492 3253 pectre
505 3196 587 3240 nostri
600 3195 624 3239 ir.
639 3207 663 3239 n.
675 3197 696 3238 si
710 3195 762 3238 Diis
773 3197 865 3249 ritaret,
884 3210 949 3256 erga
960 3210 1017 3242 noe.
1035 3199 1135 3253 nitore.)
1150 3205 1227 3244 rnndo
1247 3203 1351 3247 moisem

224 3266 390 3311 coniicientes.
407 3262 497 3321 (nent.)
541 3262 598 3310 110.
618 3265 658 3308 Sic
675 3265 763 3320 scripsi
782 3279 843 3308 nunc
861 3279 914 3309 cum
933 3266 1049 3321 tracum&
1068 3281 1128 3325 quse
1148 3271 1224 3315 tectio
1244 3273 1350 3317 escnseri

225 3337 311 3379 uttern
330 3339 423 3390 potest:
453 3347 508 3377 nnrn
526 3339 553 3377 nt
569 3335 718 3391 frequentius
736 3335 857 3378 inuenitur
874 3335 978 3389 timere,
1003 3343 1112 3380 metuere
1130 3340 1230 3394 alicui,
1254 3344 1292 3385 sic
1308 3342 1349 3386 diei

225 3409 305 3458 potest
321 3407 394 3448 etism
411 3417 517 3460 sperare
534 3404 615 3446 alieni
625 3403 724 3462 011*qu
730 3435 737 3456 ‚
757 3408 830 3447 imino
844 3410 934 3448 certum
947 3407 999 3448 eins
1012 3409 1201 3452 constructionis
1215 3415 1349 3466 esernpinn
1376 3412 1377 3435 ³

224 3478 304 3518 exstet
321 3475 381 3530 epod
400 3472 453 3518 Gir.
466 3474 497 3515 nd
509 3473 581 3516 nuic.
599 3473 626 3525 1,
643 3471 684 3517 13.
702 3488 719 3516 o
736 3486 784 3532 qno
800 3471 867 3516 ariri!
882 3487 971 3529 speres
983 3476 1042 3518 burri
1053 3477 1223 3533 reipublicae
1242 3478 1348 3537 (datin).

224 3542 354 3588 Ordinnbis
373 3544 463 3602 igitur:
492 3555 560 3596 „uon
579 3541 677 3586 iubebas
696 3556 795 3597 sperare
815 3543 860 3586 troc
878 3544 936 3587 mihi
955 3546 1085 3590 miserae.”
1112 3548 1293 3594 Verumtamen
1312 3564 1349 3594 ne·

221 3612 277 3672 geri
294 3615 376 3671 nequit
392 3613 476 3657 durius
494 3613 541 3656 hoe
559 3625 613 3656 esse
632 3626 676 3656 nec
692 3618 785 3670 gratnm
804 3613 828 3656 tr.
844 3615 861 3656 Ι.
882 3615 1038 3659 variationem
1050 3614 1123 3660 nobie
1136 3614 1163 3671 t(
1175 3616 1255 3663 tritt.
1278 3620 1349 3663 Prne·
1375 3656 1376 3659 ,

221 3687 290 3727 teres
302 3682 363 3727 cdd.
377 3684 436 3739 ntiq.
450 3682 531 3726 etEd.
545 3695 586 3735 nr.
600 3682 706 3727 hebent:
725 3682 758 3726 Ar
774 3695 824 3726 nnn
841 3680 904 3726 haec
921 3683 1046 3743 qnondam
1064 3685 1137 3728 nodie
1152 3688 1295 3743 promise«
1312 3687 1350 3733 dr·

221 3750 286 3795 dieti
303 3749 368 3796 Voce
386 3749 458 3806 milri,
477 3765 528 3796 non
544 3754 608 3804 (nec
625 3753 667 3796 etii
679 3752 773 3805 eost„
794 3754 827 3796 uti
841 3754 914 3797 Voss.
931 3768 944 3797 e
961 3754 1022 3796 ,usn
1037 3752 1140 3809 Stetiit)
1158 3753 1206 3798 doc
1227 3760 1350 3801 miserest

220 3834 327 3878 sperare
344 3820 464 3866 iubebas:
492 3819 546 3866 fieri
564 3836 626 3866 nune
644 3827 738 3876 potest,
769 3826 808 3875 ot,
836 3823 900 3879 quud
919 3835 963 3878 pre
982 3827 1050 3866 certo
1068 3837 1113 3879 ego
1133 3825 1195 3872 Cdd.
1218 3827 1348 3872 destitutus

220 3889 342 3935 offirmare
362 3904 408 3935 non
427 3904 503 3948 queo,
532 3893 604 3937 etiem
622 3892 722 3936 Lectum.
743 3892 828 3945 tectio,
854 3905 925 3948 quem
943 3893 1055 3946 exhibui,
1075 3893 1144 3937 troius
1164 3895 1197 3937 sit
1217 3897 1349 3941 arbitreris

219 3963 344 4006 demtnxnt
360 3962 480 4006 correctio
499 3975 543 4004 nec
561 3961 622 4005 sotis
639 3961 713 4017 teii13
741 3961 787 4004 hcc
809 3967 903 4005 certum
926 3966 978 4013 est,
1006 3965 1036 4004 nti
1053 3964 1110 4006 ntiis
1127 3963 1190 4006 bend
1211 3965 1314 4025 ingente
1330 3971 1350 4010 et
1374 4000 1375 4005 ,

219 4043 277 4075 vere
294 4032 354 4074 itnln
372 4032 570 4086 interpetatione,
602 4033 689 4084 petite,
718 4030 743 4073 ni
767 4030 840 4073 tutior
863 4044 893 4075 er
911 4031 1020 4074 Enniano
1044 4032 1087 4075 iilo
1106 4045 1130 4088 ρ.
1149 4030 1211 4078 12⁴.
1234 4037 1314 4081 tices.
1330 4040 1350 4079 et

219 4099 312 4146 blundo
321 4114 378 4145 once
387 4100 518 4154 vocabum,
538 4103 635 4142 servaro
650 4099 735 4152 nubis,
756 4101 817 4144 unde
831 4101 1175 4157 hnuseruutIuterpoietores‚
1189 4118 1205 4147 e
1216 4105 1348 4158 Cicerone,

218 4170 343 4216 exhiberi:
363 4169 488 4230 quondum
499 4167 592 4212 blando
602 4168 732 4225 promissa
744 4167 839 4213 dedisti
857 4168 922 4213 Voce
933 4168 1016 4223 milri5
1033 4183 1083 4213 non
1094 4168 1141 4215 leno
1154 4172 1287 4220 miserum
1301 4174 1349 4233 (sir

215 4238 287 4284 Aidd.
301 4240 377 4285 Gonr.
391 4239 490 4283 dlitseh.
505 4238 578 4295 Giug.
592 4237 683 4296 sitttg.)
702 4238 816 4281 Btendins
833 4239 937 4284 rorum
952 4239 988 4284 sie
1000 4240 1155 4286 scribendum
1165 4249 1235 4289 eret.
1258 4245 1350 4291 Aenon

215 4304 278 4353 duee
296 4306 438 4370 quondam,
464 4307 547 4362 nosti,
564 4306 695 4366 promissa
712 4305 808 4353 dedisti
826 4305 890 4353 Voce
907 4306 988 4364 mid&
1011 4321 1061 4355 non
1078 4309 1125 4355 troc
1143 4312 1277 4359 miseram
1298 4328 1349 4373 spe·
