2736 4748
285 332 434 398 LXXII.
473 333 651 398 Eiusdem.
686 326 743 412 (E.
770 333 820 396 10.
845 335 915 412 60.)

42 467 111 528 Iura
134 463 229 526 trium
252 461 343 545 petiit
365 484 383 523 a
407 463 549 526 Caesare
571 461 839 543 discipulorum‚'

98 567 258 630 Assuetus
280 585 407 645 semper
429 566 552 627 Munna
575 567 694 626 dooere
716 568 810 628 duos.
904 574 907 579 '

286 708 454 785 innui.
488 721 666 784 utalaam.
700 723 757 800 (1..
782 723 814 785 s.
839 723 907 800 ue.)
1030 746 1039 766 ι

42 848 173 934 Fugerit
196 872 235 911 au
259 870 379 911 mensas
401 850 556 912 Phoebus
578 867 775 932 coenamque
798 852 977 929 Thyestae,

101 954 247 1034 ignoro:
269 950 408 1034 fugimus
432 971 507 1025 nos,
533 949 709 1033 Ligurine,
734 963 832 1013 tuam.

42 1056 96 1115 llla
120 1053 247 1136 quidem
271 1053 357 1113 lauta
378 1063 425 1113 est
448 1051 646 1134 dapibusque
668 1051 823 1114 instructa
846 1052 1013 1134 superbis;

101 1157 166 1216 Sed
190 1151 439 1226 nihilomnino,
463 1164 495 1214 te
517 1151 690 1228 recitante,
715 1155 832 1235 placet.

43 1257 126 1318 Nolo
150 1254 226 1316 mihi
248 1275 350 1334 ponas
373 1255 526 1320 rhombos
549 1255 720 1317 mullumve
740 1255 905 1332 bilibrem3

102 1359 174 1419 Nee
199 1356 274 1420 volo
296 1355 445 1432 boletos,
470 1365 577 1419 ostrea
601 1356 697 1420 nolu:
722 1369 805 1421 tace.

288 1516 459 1578 LXXIV·
496 1512 674 1577 Eiusdem.
699 1515 757 1592 (Ιι.
779 1516 812 1581 8·
835 1514 904 1591 27.)

42 1645 181 1705 Munera
205 1641 259 1724 qui
281 1641 339 1703 tibi
360 1644 414 1703 dat
434 1640 606 1723 locupleti,
632 1644 761 1719 Gaure,
786 1643 934 1726 senique,

102 1743 137 1805 Si
160 1743 245 1825 sapis
268 1754 298 1805 et
320 1742 432 1820 sentis,
456 1742 509 1806 hie
530 1743 587 1805 tibi
611 1744 673 1808 aitr
699 1746 856 1809 Morerel

277 1866 441 1977 ,earnm
479 1900 656 1967 erasnm.
690 1903 748 1978 (u.
773 1902 805 1964 e.
830 1902 899 1981 ss.)

39 2012 145 2073 Lotus
168 2008 332 2072 uobiscum
355 2021 419 2086 est,
444 2009 554 2073 hilaris
577 2011 745 2087 coenavit,
770 2024 801 2073 et
822 2010 906 2094 idern

101 2113 255 2173 laventus
279 2133 367 2187 nrane
390 2123 437 2174 est
459 2124 601 2176 mortuus
627 2115 853 2196 Andragoras.

39 2217 118 2275 'l'am
143 2212 266 2275 subitae
289 2214 400 2276 mortis
423 2235 571 2289 calisam,
595 2214 768 2289 Faustino,
793 2214 954 2299 requiris?

99 2318 137 2379 ln
160 2314 278 2379 somnis
302 2315 456 2380 medicum
480 2316 603 2394 viderat
625 2318 882 2382 Hermocraten.

290 2476 455 2540 LXXVI·
488 2473 665 2540 Eirtsdem.
700 2474 758 2553 (L.
781 2474 813 2538 3.
839 2474 907 2553 43.)

38 2583 190 2646 Mentiris
212 2583 359 2647 iuvenem
383 2585 508 2660 tinctis,
531 2584 685 2661 Lentino,
707 2585 853 2667 capillis:
877 2640 885 2647 ,

100 2688 182 2748 'l'am
206 2686 313 2750 subito
336 2708 473 2761 corvus,
497 2686 552 2770 qui
576 2689 672 2750 modo
695 2702 817 2770 cygnus
841 2707 924 2750 eras.

37 2789 111 2849 Non
137 2807 247 2848 orarues
269 2786 380 2850 falles:
406 2787 468 2850 scit
489 2799 521 2850 te
543 2788 740 2870 Proserpina
763 2809 895 2851 eanum:

96 2891 277 2953 Personam
305 2887 403 2972 capiti
425 2890 572 2952 detrahet
592 2889 645 2952 illa
666 2901 737 2955 tuo.

283 3049 468 3139 terrun.
501 3046 684 3111 uttuuem.
715 3049 774 3126 (u.
798 3049 830 3111 s.
854 3048 924 3125 au.)

36 3158 84 3219 Sit
107 3157 247 3218 cisterna
267 3156 346 3227 ,mihi
368 3178 462 3239 quam
487 3157 578 3221 vinea
602 3159 686 3220 malo
710 3159 903 3219 Ravennae:

98 3260 208 3339 Quom
232 3259 350 3340 possim
373 3260 475 3323 mrrlto
498 3261 635 3322 vendere
657 3257 760 3340 pluris
777 3279 908 3342 aquam.

268 3398 470 3482 sumu.
514 3415 689 3481 naturam.
721 3417 776 3486 (n.
799 3416 831 3478 a.
856 3416 924 3494 su.)

34 3528 181 3618 Cflallidus
205 3526 355 3609 imposuit
378 3548 479 3608 nuper
502 3526 575 3588 mihi
598 3547 683 3606 copo
707 3528 903 3589 Ravennae:

97 3631 208 3710 Quom
229 3639 372 3712 peterem
396 3627 545 3703 utilitum,
569 3627 708 3691 vendidit
728 3628 782 3690 ille
805 3649 955 3720 merum.¹

298 3789 466 3852 LXXIX.
496 3787 674 3853 Eiusdem.
698 3785 756 3865 (L.
781 3786 811 3849 ’7.
836 3785 906 3866 89.)

164 3898 199 3971 Ι,
222 3896 303 3960 felix
324 3920 418 3975 rusa,
444 3897 655 3982 mollibusque
677 3895 770 3960 sortis

120 3998 237 4062 Nostri
259 3999 352 4082 cinge
375 4021 485 4062 eomas
507 3998 725 4080 Apollinaris:
746 4038 753 4045 x

121 4104 212 4179 Quas
234 4112 270 4163 tu
293 4113 423 4163 nectere
446 4102 614 4176 candidas,
639 4105 693 4163 sed
709 4101 811 4178 olim,

120 4202 175 4266 Sic
197 4213 229 4266 te
251 4221 377 4285 semper
399 4214 483 4266 amet
500 4202 638 4293 Venus,
663 4215 835 4273 memento.
944 4260 949 4265 .
