2736 4748
114 368 207 442 Cura
229 377 423 459 sophorum,
448 373 637 460 porta'quis
659 374 738 440 caeli
758 386 860 460 patct,

113 481 182 543 Vel
206 499 286 562 qisae
309 478 402 561 periti
418 478 594 548 ,condidere
617 479 772 558 carmina,

116 580 184 643 Vel
208 602 290 663 qrrae
311 579 425 644 solutis
449 580 581 644 vocibus
604 580 801 657 stratedius,

114 682 261 745 Meliora
283 684 404 758 reddis,
428 703 522 768 quam
545 681 682 765 legendo
703 704 895 765 sumpseras.

113 787 181 849 Sed
203 785 263 847 ista
286 802 406 866 parva:
431 796 465 847 tu
487 784 558 866 pius
581 805 693 847 moves
716 795 747 846 te
770 786 869 847 sacris

114 886 259 961 Telestis,
274 896 410 967 reperta
432 886 545 948 mentis
568 906 684 947 arcano
708 887 845 968 premis,

112 988 300 1070 Divumque
324 1009 438 1050 numen
461 986 625 1068 multiplex
647 988 761 1051 doctus
783 988 880 1062 cotis,

114 1090 243 1153 Sociam
266 1088 401 1172 benigne
422 1089 590 1173 coniugem
614 1100 740 1152 nectens
764 1090 862 1153 saeris

113 1192 289 1254 Hominum
312 1189 500 1274 Deumque,
525 1190 684 1254 consciam
708 1213 744 1253 ac
766 1192 858 1254 fidam
884 1193 950 1253 tibi.

113 1294 203 1371 Quid
226 1314 309 1355 nrrnc
329 1293 472 1356 honores
495 1303 548 1354 aiat
571 1302 746 1373 potes-tates
768 1295 900 1378 loquar,

114 1394 354 1477 Hominumque
376 1392 461 1458 votis
482 1393 620 1475 adpetita
643 1394 781 1477 gaudia?

114 1499 209 1575 Quae
231 1508 265 1558 tu
287 1497 404 1558 caduca
427 1516 465 1558 ac
486 1517 587 1578 parva
610 1516 737 1578 semper
758 1507 941 1572 autumans,

110 1598 234 1662 Divum
255 1600 405 1661 sacerdos
427 1597 533 1660 insulis
555 1596 658 1660 celsus
680 1591 779 1662 clues.
820 1588 824 1591 ¹

112 1703 169 1763 Tu
193 1720 261 1776 me,
284 1698 416 1776 marite,
440 1698 674 1781 disciplinarum
697 1701 785 1765 bono

110 1802 233 1881 Puram
255 1822 293 1864 ae
313 1801 458 1884 pudicam
481 1813 570 1867 sorte
593 1801 705 1864 mortis
727 1802 885 1880 eximens,

113 1904 155 1966 In
179 1903 292 1984 templa
317 1903 404 1966 deicis
426 1924 463 1965 ac
483 1903 632 1966 famulam
656 1903 736 1966 divis
758 1904 858 1967 dicas.

111 2007 165 2067 Te
187 2016 282 2080 teste,
308 2003 428 2067 cunetis
449 2004 577 2068 imbuor
599 2004 771 2083 mysteriis,

112 2110 168 2170 Tu
189 2105 406 2185 Dindymenes
429 2106 609 2188 Atteosque
631 2105 801 2169 antistitem

111 2207 236 2271 'scietis
257 2209 399 2270 honoras
420 2205 537 2269 taureis
559 2227 696 2270 consors
716 2206 810 2289 pius3

110 2313 253 2375 Hecates
275 2308 447 2372 ministram
469 2307 551 2370 trina
574 2320 700 2371 secreta
723 2312 857 2385 edoces,

112 2411 308 2496 Cererisque
331 2410 449 2473 Graiae
471 2419 506 2472 tu
528 2407 627 2472 sacris
650 2410 776 2495 dignam
800 2432 908 2494 paras.

111 2518 165 2578 Te
186 2524 322 2595 propter
344 2533 455 2576 omnes
477 2531 526 2575 me
549 2512 693 2587 beatam,
717 2534 766 2576 me
789 2515 872 2597 piam

111 2614 308 2690 Celebrant,
331 2616 420 2701 quod
440 2613 508 2695 ipre
532 2633 581 2676 me
602 2615 719 2677 bonam
742 2614 925 2681 disseminas

111 2720 233 2780 Totum
256 2738 315 2799 per
338 2717 469 2780 orbem:
492 2715 604 2800 ignota
626 2736 747 2780 noscor
768 2719 933 2796 omnibus,

109 2821 195 2884 Nam
218 2832 249 2884 tc
272 2817 386 2882 marito
408 2817 458 2881 cui
480 2818 609 2899 placere
631 2822 694 2880 noo
716 2818 883 2902 queam?-

110 2921 271 3004 Exempla
293 2922 332 2984 de
354 2941 403 2983 me
426 2919 584 2984 Romulae
606 2931 877 3002 matrespetrmt3

111 3025 330 3106 subolemque
351 3022 534 3103 pulchram,
558 3020 585 3083 si
606 3031 678 3083 tuae
701 3020 829 3098 similis,
853 3034 981 3104 putant,

112 3128 237 3207 Optant
256 3127 460 3207 probantque
482 3142 565 3185 natue
587 3121 669 3196 viri,
694 3142 778 3184 nunc
799 3122 946 3187 feminae.

112 3230 205 3308 Quae
227 3239 263 3290 tu
284 3224 435 3309 magister
454 3222 593 3286 indidisti
613 3221 765 3305 insignia,
793 3306 794 3309 Ἴ
815 3264 819 3275 ·

108 3331 175 3394 His
198 3350 282 3393 utine
299 3325 456 3409 rademptis
478 3335 595 3387 maesta
617 3324 758 3386 coniunx
780 3343 938 3389 maceror.

108 3430 226 3505 Felix,
251 3427 394 3492 maritum
417 3426 443 3490 si
466 3424 668 3507 superstitem
692 3425 766 3487 mihi

108 3531 188 3595 Divi
210 3529 366 3593 dedissent
385 3549 394 3591 ι
419 3529 475 3590 sed
496 3537 600 3588 tamen
620 3524 720 3602 felix,
744 3538 799 3591 tua

109 3633 197 3713 Quia
218 3652 285 3694 sunr
308 3627 418 3714 fuique
440 3637 579 3711 postque
601 3638 737 3691 mortem
759 3650 837 3693 mon
859 3650 930 3694 ero.
990 3670 1002 3687 ,,

91 3842 150 3886 CH·
188 3835 232 3887 30.
264 3840 414 3889 Burmannus
438 3844 463 3885 et
488 3838 593 3896 reliqui:
627 3844 653 3883 tu
673 3836 735 3893 pina
757 3846 840 3887 motae
864 3842 1008 3890 termus
1047 3846 1142 3909 Hagen.

19 3913 126 3958 buebius
148 3914 171 3953 te
195 3909 300 3954 delebat.
357 3909 410 3967 Ego
440 3922 484 3964 pro
510 3908 571 3965 pitu
601 3909 746 3962 scripseram
773 3909 899 3965 aliquando
925 3913 1003 3969 plur,
1042 3916 1065 3959 id
1091 3922 1144 3970 eat,

17 3983 116 4025 maiore
143 3980 217 4023 etiam
244 3980 323 4025 studio
355 3979 477 4031 anysteriia
507 3990 578 4034 qnam
601 3975 781 4033 panormam,
809 3980 936 4027 attendis..
973 3979 1074 4027 Monere
1097 3987 1147 4027 trs·

17 4049 133 4107 quentari
158 4048 187 4090 de
206 4047 328 4100 mysteriis
347 4052 418 4105 atque
443 4045 519 4104 orgiis
544 4046 694 4090 notissimum
713 4052 759 4090 est.
807 4046 874 4092 Nunc
901 4062 956 4092 eum
977 4051 1073 4099 Meiere
1091 4064 1146 4096 meo

17 4120 105 4163 malim
136 4116 227 4159 etidere
254 4116 349 4159 literam
376 4129 390 4159 c
415 4115 440 4159 in
464 4114 581 4158 voeabuto
603 4115 673 4175 pino.
720 4112 765 4163 50.
791 4117 833 4161 cut
854 4118 958 4175 placere
985 4120 1143 4164 Schrader-ns.

17 4185 61 4233 52.
83 4186 109 4235 aa'
119 4181 186 4247 suut
203 4183 299 4230 remitte
317 4184 425 4230 Guascua
443 4185 467 4228 in
486 4187 582 4227 Annott.
