2762 4760
46 348 110 413 Non
128 343 204 409 radii
224 343 303 410 solis
323 364 426 428 neque
448 339 554 405 lucida
574 341 637 406 tela
656 338 719 406 diei

46 448 220 522 Discutiant,
243 449 300 510 sed
317 457 448 511 naturae
465 442 591 527 species
611 443 778 528 ratioque:

45 551 151 633 Quoius
169 547 365 634 principium
385 546 460 610 hinc
480 545 576 610 nobis
595 547 731 611 exordia
750 557 864 624 sumet,
1072 548 1133 612 150

44 653 155 718 Nullam
172 674 238 716 rem
260 673 278 715 e
300 649 401 714 nihilo
425 647 517 733 gigni
538 648 690 713 diuinitus
711 671 859 736 uuquam.

376 819 454 908 Lra.
478 819 509 882 Ι.
533 840 567 881 v.
592 816 786 886 too-749.

43 943 251 1026 Quapropter,
274 940 348 1025 quei
369 937 531 1004 materiem
550 960 659 1004 rerum
679 962 748 1004 esse
766 951 918 1024 putarunt

43 1046 251 1131 lgnematque
271 1041 400 1128 exigui
421 1056 571 1106 summam
592 1042 769 1108 consistere
790 1060 904 1127 p‘osse3

41 1150 79 1212 Et
93 1148 161 1234 quei
178 1145 373 1231 principium
395 1144 567 1230 gignundis
588 1149 664 1209 ae‘ra
684 1148 780 1220 rebus

42 1250 249 1325 Constituere3
272 1260 326 1313 aut
346 1251 512 1312 humorem
534 1248 771 1335 queiquomque
788 1261 938 1334 putarunt
979 1306 983 1313 ,

41 1354 170 1437 Fingere
190 1376 242 1418 res
262 1353 367 1436 ipsum
390 1338 457 1435 per
471 1372 521 1427 se;
542 1362 703 1416 terramve
721 1371 832 1417 creare
1075 1357 1137 1419 710

41 1455 144 1521 Omnia
162 1468 194 1520 et
213 1455 246 1519 iu
266 1477 374 1536 rerum
396 1466 526 1517 naturas
547 1452 672 1518 vortier
691 1454 830 1520 omneis:

41 1560 156 1643 Magno
177 1580 314 1640 operea
336 1578 416 1621 vero
435 1558 533 1641 longe
556 1558 702 1621 derrasse
724 1557 884 1623 videntur.

39 1662 124 1725 Adde
144 1660 258 1737 etiam,
285 1659 360 1745 quei
382 1658 607 1743 conduplicant
628 1659 807 1741 primordia
824 1684 947 1740 rerum,

38 1767 120 1828 Aia'ra
137 1763 304 1848 iungentes
323 1761 393 1846 igni
412 1772 594 1847 terramque
614 1761 756 1848 liquori;

39 1867 79 1929 Et
94 1865 163 1951 quei
183 1876 336 1951 quattuor
358 1885 399 1926 ex
420 1866 517 1928 rebus
537 1878 633 1945 posse
657 1866 763 1930 omnia
783 1878 912 1945 rentur,
1075 1870 1135 1932 715

38 1969 88 2031 Ex
104 1966 184 2052 igni,
208 1979 295 2030 terra
317 1976 411 2051 atque
433 1965 536 2029 anima
554 1989 765 2050 procrescere
786 1982 817 2034 et
837 1969 947 2035 imbri.

38 2069 173 2150 Quorum
192 2067 437 2153 Agragantinas
457 2092 529 2133 cum
550 2069 663 2152 primis
683 2072 897 2153 Empedocles
918 2084 981 2149 est,

37 2172 136 2236 lusula
156 2194 251 2259 quem
271 2170 439 2256 triquetris
458 2182 619 2235 terrarum
639 2172 737 2256 gessit
757 2172 790 2236 iu
812 2174 899 2250 oris;

36 2275 133 2355 Quam
152 2274 281 2338 fluitans
302 2272 422 2337 circum
443 2273 567 2357 magnis
588 2274 794 2339 amfractibus
815 2258 937 2362 aequor

36 2368 160 2440 Ionium‘
179 2376 303 2462 glaucis
325 2375 468 2460 aspergit
488 2375 576 2440 virus
598 2376 770 2455 abundis,
886 2365 888 2368 ⁵
1078 2382 1140 2445 720

36 2482 246 2566 Angustoque
268 2479 353 2543 fretu
374 2478 523 2562 rapidum
544 2501 630 2545 mare
652 2478 766 2545 dividit
788 2480 879 2546 undis

36 2735 89 2772 runt
105 2728 200 2774 Azareis
219 2735 244 2773 et
259 2727 342 2785 lepido
357 2742 419 2787 quoe
439 2734 498 2773 sunt
511 2724 604 2787 facete
621 2741 720 2773 sonore.
776 2726 835 2778 703.
865 2729 917 2774 Cic.
936 2732 960 2774 in
978 2730 1079 2776 Lucullo
1098 2729 1139 2778 37.

36 2796 153 2856 Princeps
173 2796 269 2842 Thales
287 2823 298 2834 ·
316 2823 326 2834 ·
343 2812 377 2841 esc
395 2812 460 2856 aquo
477 2797 547 2842 dixit
562 2804 678 2842 constare
696 2799 795 2853 omniu,
826 2805 853 2843 at
869 2797 915 2843 Ιιοι·
931 2798 1140 2855 Anaximandro,

36 2869 149 2926 uopnlcri
167 2873 191 2912 et
209 2867 291 2912 sodali
303 2880 358 2921 suo,
377 2880 426 2911 non
433 2867 567 2924 persuasit
570 2881 582 2921 ,·
599 2867 623 2912 is
639 2868 705 2911 enim
717 2867 866 2931 infinitatem
878 2875 984 2912 neturue
996 2869 1064 2915 dixit
1075 2884 1140 2925 esse,

36 2951 43 2979 a
61 2952 110 2996 qun
128 2938 217 2981 omnio
233 2939 410 2997 gignerentur.
447 2937 506 2981 Post
529 2937 584 2981 eius
608 2935 708 2981 auditor
726 2937 898 2982 Anaximenes
920 2938 1046 3001 infinitum
1064 2940 1141 2993 (εἶτα,

36 3029 63 3040 -
79 3005 249 3066 Empedocles
264 3005 325 3050 hoec
338 3007 492 3066 pervulgata
506 3013 529 3050 et
545 3013 604 3050 notu
621 3013 745 3066 quattuor.
782 3009 816 3051 lta
829 3008 939 3052 videlicet
949 3008 1050 3064 Emped.
1063 3023 1087 3054 r.
1099 3007 1142 3053 26.

36 3077 109 3120 trux-z.
124 3092 150 3133 p.
167 3074 229 3123 514.
266 3075 404 3144 Τέσσαρα
421 3075 479 3124 τῶν
495 3069 611 3124 πάντων
633 3068 786 3145 ῥιζώματα
803 3074 918 3144 πρῶτον
937 3067 1043 3126 ἄκουε·
1071 3072 1144 3137 Ζεὺς

36 3138 243 3214 1ργής,1Ἧρη
272 3157 303 3194 τε
331 3143 503 3213 φερέσβιος,
533 3138 577 3208 ἠδ’
602 3138 762 3207 Ἀϊδωνεύς,
791 3143 903 3207 Νῆστις
920 3141 945 3193 δ’
963 3139 1144 3214 ἣσακρύοις
1198 3170 1199 3174 =

36 3218 126 3279 τέγγει
148 3209 314 3284 κρούνωμα
329 3213 477 3281 βρότειον.
497 3214 556 3268 (siue
571 3212 724 3282 βροτοῖσιν
742 3228 771 3258 ex
789 3215 877 3260 sruuuii
895 3208 976 3276 cour.)
1011 3212 1069 3260 710.
1088 3216 1144 3259 Ari·

36 3289 87 3329 not.
99 3284 245 3338 Metuphys.
261 3283 290 3338 1,
306 3279 391 3330 3-7.
405 3298 429 3340 p.
444 3280 503 3328 190.
524 3283 627 3327 casaub.
646 3283 698 3330 καί
715 3297 761 3332 τοι
778 3277 874 3333 διὰτί
890 3285 953 3332 τοτ’
970 3276 1008 3333 ου’
1025 3283 1076 3332 καὶ
1090 3279 1145 3347 τὴν

36 3350 84 3415 γῆν
101 3350 260 3416 λέγουσιν,
287 3345 384 3423 ὥσπερ
405 3351 436 3401 οἱ
454 3349 558 3401 πολλοὶ
575 3347 633 3400 τῶν
653 3346 834 3421 ἀνθρώποις
863 3346 959 3402 πάντα
985 3348 1042 3423 γὰρ
1069 3348 1146 3403 einai

36 3436 122 3482 ρασιν
131 3417 193 3486 τὴν
202 3418 267 3485 γῆν.
277 3422 447 3479 Xenophanes,
458 3423 486 3466 de
497 3422 569 3464 rebus
580 3427 669 3466 tautum
676 3423 832 3468 terrestribus
840 3426 922 3478 procul
931 3423 1011 3477 dubio,
1023 3425 1143 3468 asseruit:

36 3489 59 3539 ix
70 3491 165 3555 γαίης
177 3487 235 3560 γὰρ
244 3485 349 3551 πάντα,
362 3490 412 3540 καὶ
422 3486 516 3554 ἐςγῆγ
527 3485 622 3540 πάντα
630 3488 759 3560 τελευτᾷ.
772 3506 794 3538 r.
803 3491 946 3547 suanum.
955 3494 1007 3537 adv.
1016 3494 1092 3537 Math.
1103 3489 1144 3547 10,

36 3560 50 3609 i.
64 3558 127 3610 315.
170 3557 230 3606 712.
243 3561 329 3621 longai
341 3562 417 3606 Gonu.
427 3558 450 3605 3.
460 3561 501 3604 W.
509 3561 538 3604 F.
551 3561 723 3606 -deerrasse
735 3576 804 3607 unus.
824 3561 944 3606 derrasse
953 3563 1009 3606 duo.
1028 3562 1145 3622 longique

36 3629 152 3675 lerrcsse
166 3643 238 3674 uuus.
252 3631 345 3688 Reliqui
357 3629 441 3688 (etiem
448 3629 477 3674 C.
485 3629 516 3676 E.
527 3630 618 3676 etEdd.
626 3629 698 3686 vett.)
707 3652 741 3665 ·-
751 3633 873 3690 longeque
883 3644 984 3675 errasse
994 3632 1023 3674 H.
1032 3632 1078 3676 Sed
1086 3633 1145 3676 scui-

36 3702 133 3744 ›endum
161 3713 218 3744 cum
239 3700 305 3744 Gott.
330 3701 405 3760 longe
428 3698 556 3743 derrasse.
588 3700 654 3746 Idem
674 3700 745 3744 habet
762 3698 859 3760 Magno
875 3714 958 3756 opere.
1012 3697 1071 3744 711.
1089 3700 1147 3761 igni

36 3768 171 3826 lenopides
191 3768 273 3816 Chius.
287 3793 320 3802 —
328 3770 423 3829 liquori
434 3769 610 3823 Xenophanes:
630 3764 669 3832 γῆ
681 3767 733 3816 καὶ
740 3761 819 3837 ὕδωρ
829 3764 914 3817 πάνθ’
923 3762 1003 3818 ὅσσα
1014 3768 1147 3834 γίνονται

36 3833 75 3895 ibi
84 3834 235 3900 φύονται.
245 3851 268 3886 v.
277 3839 379 3883 Brendis
387 3838 556 3882 Corumeutatt.
564 3838 642 3883 Etest.
652 3852 674 3892 p.
684 3835 726 3882 10.
735 3835 806 3886 etat.
845 3835 905 3883 718.
926 3839 1025 3897 Quintil.
1036 3838 1059 3893 1,
1070 3837 1094 3892 6,
1103 3836 1145 3884 3⁰.

36 3906 219 3967 lonnunquam
242 3908 317 3951 etium
340 3906 451 3952 herbera
473 3906 504 3950 eb
529 3906 667 3951 emendetis
690 3913 794 3952 conetur
812 3907 956 3952 discernere
981 3907 1146 3967 (etymologia)

36 3983 49 4022 tt
66 3991 150 4038 quum
173 3975 334 4035 Triquetram
352 3975 404 4022 diei
420 3976 551 4031 Siciliam,
570 3990 604 4020 sen
623 3975 790 4036 Triquedrern
805 3996 840 4010 -·-
856 3982 982 4035 oporteat,
1007 3977 1146 4036 quaeritur.

36 4047 62 4091 bi
86 4047 228 4104 Spalding:
255 4045 292 4090 Ab
309 4039 473 4117 Z'ripasene,
502 4060 534 4090 on
550 4046 695 4106 requerire?
749 4045 807 4092 719.
827 4046 864 4091 An
883 4048 975 4112 litoris,
1005 4043 1146 4090 animaris?

36 4117 104 4161 tenti.
126 4115 179 4160 cfr,
201 4115 311 4160 Passow.
330 4118 360 4160 ad
381 4117 441 4160 Tae.
462 4113 678 4171 Germ.1.p.83.
695 4118 724 4159 de
741 4117 903 4171 nocerinus,
923 4116 992 4160 cuius
1009 4115 1092 4158 eadem
1111 4119 1148 4158 est

36 4186 96 4231 atio.
130 4181 197 4231 720.
208 4186 326 4245 aspergit
333 4186 364 4231 G.
372 4186 415 4231 W.
454 4183 513 4230 721.
527 4186 558 4229 Α.
567 4186 632 4232 Gell.
648 4183 694 4240 12,
709 4182 751 4230 20.
764 4182 879 4230 Ciceroni
889 4185 989 4229 mollius
998 4183 1147 4241 teretiusque

36 4256 105 4301 irum
132 4259 178 4300 est
199 4255 227 4300 in
244 4254 331 4315 quinte
347 4256 375 4301 in
393 4253 496 4301 Verrem
512 4251 588 4315 fretu
605 4254 717 4303 seribere
734 4267 806 4314 quum
817 4250 899 4313 freto.
917 4254 955 4298 tu.
985 4251 1065 4306 (ulnis
1087 4247 1143 4305 W.)
