2750 4744
104 340 145 402 In
168 344 247 405 vada
268 341 435 423 pampinea
458 334 625 404 desiluisse
647 353 736 418 rate,

37 443 85 503 Et
108 440 167 505 tibi
188 463 249 523 per
269 442 401 505 mediam
425 443 506 504 bene
528 441 647 505 olentia
667 442 795 507 flumina
818 443 962 519 Naxon,

105 542 199 606 Unde
219 554 307 606 tumn
329 553 424 625 potat
445 541 552 617 Naxia
573 545 670 606 turba
693 564 823 610 merum.

40 641 185 706 Candida
207 644 322 707 laxatis
345 654 481 707 onerato
503 645 586 708 cotta
609 644 773 724 corymbis

104 743 226 828 Cinget
248 745 434 809 Bassaricas
457 746 560 824 Lydia
583 744 674 809 mitra
696 767 817 812 cumas.

38 844 144 909 Levis
166 849 304 910 odorato
326 845 439 910 cervix
461 847 600 909 manabit
622 845 713 911 olivo

104 949 151 1009 Et
171 947 269 1010 feries
291 951 394 1011 nudos
419 959 507 1012 veste
527 948 645 1011 fluente
666 952 781 1031 pedes.

39 1047 161 1112 Mottia
184 1048 342 1111 Dircaeae
362 1050 533 1130 pulsabunt
553 1061 703 1131 tympana
727 1053 878 1128 Thebae,

106 1149 307 1231 Capripedes
329 1152 451 1214 calamo
475 1152 581 1215 Panes
603 1151 709 1215 hiante
731 1164 863 1230 canent,

38 1251 178 1314 Vertice
200 1250 363 1334 turrigero
385 1252 474 1319 iuxta
496 1254 554 1314 dea
576 1273 691 1335 magna
714 1251 849 1331 Cybebe

104 1354 235 1415 Trrndet
256 1356 298 1415 ad
319 1353 435 1416 Idaeos
457 1353 604 1432 cymbala
625 1375 723 1416 rauca
745 1355 876 1422 choros.

38 1462 127 1517 Ante
149 1453 240 1517 fores
261 1453 372 1534 templi
393 1466 536 1518 craterae
560 1453 709 1518 antistitis
731 1476 812 1520 6666

101 1552 257 1617 Libatum
279 1555 413 1617 fundent
433 1554 465 1618 in
488 1567 540 1618 tua
564 1576 655 1618 sacra
678 1577 813 1621 merum.

38 1657 134 1719 Haec
156 1676 218 1738 ego
241 1677 305 1719 non
328 1655 437 1719 humili
459 1656 597 1720 referam
621 1661 822 1722 memoranda
845 1661 1025 1737 cothurno,

104 1757 216 1835 Qualis
239 1757 416 1821 Pindarico
438 1758 568 1839 spiritus
592 1778 650 1821 ore
673 1771 775 1823 tonat.
1120 1763 1160 1822 to

40 1860 95 1920 Tu
117 1861 215 1923 modo
237 1858 371 1922 servitio
395 1880 527 1923 vacuum
549 1881 600 1922 mc
621 1860 697 1924 siste
719 1864 862 1944 superbo
965 1846 972 1858 ’

107 1959 218 2042 Atque
240 1962 304 2024 hoc
324 1960 494 2024 sollicitum
518 1960 609 2024 vince
631 1981 752 2042 sopore
774 1974 884 2045 caput.

211 2145 289 2208 Lm.
311 2144 378 2209 III.
415 2145 595 2227 ELEGIA
616 2146 738 2209 XXII.
762 2147 841 2227 (lv.
863 2148 1000 2226 ΧΧΙΙ.)

46 2262 181 2348 Frigida
202 2275 266 2326 tam
289 2265 407 2329 multos
429 2264 550 2346 placuit
571 2266 629 2328 tibi
653 2265 792 2345 Cyzicus
814 2287 934 2342 anuos,

104 2366 220 2440 Tulle,
244 2365 465 2448 Propontiaca
489 2386 551 2449 qua
573 2365 644 2428 fluit
665 2367 807 2430 Isthmos
829 2388 930 2451 aqua3

38 2466 221 2546 Dindymus
242 2477 274 2529 et
295 2488 405 2530 sacrae
426 2466 582 2531 fabricata
604 2467 736 2532 iuvenca
761 2469 914 2549 Cybebae

101 2567 323 2651 Raptorisque
345 2567 418 2631 tulit
439 2590 503 2653 qua
525 2568 575 2632 via
597 2568 681 2632 Ditis
705 2590 820 2656 equos.

39 2791 68 2832 ad
87 2788 190 2833 Imeret.
211 2785 244 2841 2,
266 2785 325 2832 618.
367 2789 403 2833 Ad
422 2788 483 2833 Cdd.
504 2792 614 2836 ordinem
631 2792 727 2836 rediere
746 2791 795 2836 lae.
815 2787 862 2836 LI.
916 2788 958 2836 36.
979 2789 1078 2835 Tondet
1095 2793 1161 2837 scal.

39 2859 100 2903 6661.
122 2857 223 2901 retinuit
239 2855 286 2901 La.
306 2876 338 2890 -·
356 2857 406 2902 Iac.
426 2858 480 2902 corn
499 2858 559 2904 cau.
572 2857 676 2918 fundet.
732 2856 774 2905 37.
799 2865 916 2903 crateres
934 2860 989 2904 dedi
1004 2872 1034 2903 ax
1052 2860 1114 2904 Cnd.
1136 2860 1161 2904 1.

38 2928 114 2981 (atius
132 2923 256 2982 cratere.)
274 2926 362 2982 reliqui
376 2933 400 2972 et
417 2928 489 2984 rotgo
507 2934 608 2986 crater3
621 2925 773 2986 sunderaldo
789 2929 852 2972 roni.
866 2925 1040 2986 profundens.
1054 2952 1088 2962 -
1101 2925 1162 2972 Cre-

38 3000 75 3038 tsr
87 3020 99 3032 ·
117 3020 129 3031 ·
137 2991 235 3053 suadet
250 2995 346 3039 rotabat
362 2996 467 3053 Buramg
487 2999 528 3041 sed
547 2997 691 3053 Propertius
709 2998 733 3041 16
752 2998 794 3041 hac
813 2998 955 3052 pentametri
971 2997 1028 3041 seda
1046 3010 1164 3054 nusquam

37 3065 152 3117 producit
175 3062 292 3117 syllabam
309 3064 428 3118 brsrcm,
457 3064 908 3123 61611666666166166666666162,
936 3062 979 3110 21.
999 3063 1035 3119 (3,
1058 3062 1098 3108 16.
1119 3062 1163 3121 L.)

39 3130 63 3179 1.
101 3133 186 3177 Meam
207 3133 326 3177 rationem
347 3133 480 3187 probarunt
501 3134 586 3180 lacobs
614 3140 638 3180 ct
655 3134 736 3179 Iacob.
757 3134 848 3177 Contra
867 3130 914 3177 La.
933 3135 1020 3176 crater
1038 3133 1163 3176 antistitis

38 3224 48 3235 ·
67 3225 77 3236 ·
87 3196 223 3259 suadens,
252 3214 298 3257 qua
323 3204 516 3257 6666166611666,
549 3204 609 3248 haud
639 3205 698 3247 satis
726 3203 846 3261 intelligo.
881 3202 996 3246 Fortasse
1016 3202 1162 3260 cogitatione

39 3271 199 3325 supplendum
217 3273 284 3314 ratus
304 3275 358 3315 est:
378 3259 498 3325 ,tundens
517 3273 589 3318 erit.”

319 3385 374 3431 Lan.
395 3387 440 3434 III.
476 3387 574 3433 ELEG.
593 3387 679 3432 xxtt.
699 3388 752 3442 (tv.
772 3385 870 3441 ull.)

107 3472 133 3517 1.
155 3468 265 3531 Cyzicus
288 3473 346 3516 urbs
370 3473 464 3528 Mysiae
487 3475 589 3519 minoris
607 3477 636 3518 ad
654 3473 827 3527 Propontidem
852 3473 875 3516 iu
895 3472 974 3517 iusnta
992 3473 1084 3517 166666
1103 3487 1162 3528 pon·

38 3542 101 3586 tibus
133 3542 265 3585 6661166611
289 3543 377 3586 iuncta.
450 3540 474 3587 3.
506 3538 665 3606 Δίνδυμος,
694 3533 768 3612 ὅρος
796 3538 942 3603 Κυζίκου,
970 3535 1052 3610 ἱερὸν
1079 3536 1163 3604 Ῥέας

37 3611 121 3655 Schol.
153 3611 262 3664 tlpollcn.
291 3609 321 3665 1,
342 3607 403 3656 985.
424 3634 456 3645 -
476 3611 552 3656 Codd.
571 3625 654 3655 ornnes
673 3611 774 3656 habent:
803 3622 882 3654 encra
898 3605 1032 3669 fabricatu
1051 3610 1160 3657 inserita.
1249 3646 1252 3651 .

36 3680 111 3723 Voss.
139 3679 168 3721 ad
190 3679 279 3723 Catult.
308 3692 333 3734 p.
362 3677 422 3724 161.
451 3681 546 3739 egregie
563 3681 696 3724 emendavit
716 3692 808 3724 sacrae
827 3675 960 3737 fabricula
984 3679 1107 3733 1666666,
1137 3686 1163 3725 61

36 3747 184 3802 respiciatur
217 3750 246 3791 ad
267 3749 391 3792 iuvencam
415 3762 595 3804 marmoream,
627 3750 651 3792 16
667 3748 780 3803 Cybebae
799 3748 907 3800 sacello,
927 3749 989 3804 quod
1008 3753 1060 3793 erat
1076 3750 1100 3792 16
1120 3764 1162 3794 au·

36 3820 74 3859 tro
96 3815 236 3867 Lobriuae,
262 3819 352 3861 montis
371 3817 497 3872 Cyziceni,
521 3818 610 3875 inquo
629 3819 732 3876 Magnae
751 3817 825 3860 Matri
844 3821 868 3861 et
882 3816 958 3860 Altini
973 3815 1062 3861 fiebant
1080 3823 1161 3861 tauro-

36 3884 111 3928 botta.
170 3881 195 3928 6.
214 3885 251 3929 De
269 3885 432 3940 Proserpinae
450 3892 520 3942 raptu
530 3917 538 3940 ,
559 3900 629 3942 quem
646 3888 754 3943 plerique
772 3885 796 3929 16
806 3885 887 3930 Sicilia
900 3885 988 3929 factum
1006 3899 1060 3930 esse
1077 3899 1161 3929 narra·

36 3952 108 4008 baut,
140 3953 182 3996 atti
204 3956 241 3997 vel
269 3954 294 3997 in
320 3953 415 4008 Attica,
446 3955 483 4000 vel
506 3956 529 3999 16
554 3954 628 3999 Creta
653 3955 806 4013 (Scholsad.
833 3955 892 3999 Hes.
915 3954 1008 4011 I'heog.
1034 3950 1105 4006 913.)
1125 3953 1161 3995 vel

36 4022 97 4075 apud
120 4020 244 4066 Oceanum
260 4021 383 4078 (Orpheus
396 4023 488 4082 Argon.
512 4019 602 4078 12⁰1.)
619 4024 656 4067 vel
670 4024 731 4078 apud
747 4024 838 4079 Nysam
856 4017 959 4082 (Hymu.
973 4023 998 4065 16
1017 4021 1066 4064 Cer
1095 4017 1159 4071 tt),

36 4103 93 4134 suos
113 4095 227 4136 auctores
246 4090 270 4135 h.
291 4093 308 4135 1.
328 4096 425 4136 6666166
444 4098 481 4137 661
501 4091 660 4146 Propertius,
681 4093 721 4149 qui
742 4094 772 4136 ad
790 4091 925 4149 Cyzicum,
943 4103 957 4131 n
976 4087 1033 4130 love
1058 4087 1161 4129 Proser·

36 4160 105 4212 pInae
126 4160 176 4202 doti
196 4161 290 4212 datam,
310 4173 365 4204 eum
384 4156 521 4215 reteri-sou
540 4162 578 4203 rel
600 4159 733 4217 significat,
753 4161 810 4203 11166
829 4151 929 4214 666666
948 4150 1074 4199 Trinacria
1086 4154 1161 4195 Deam
1229 4155 1232 4161 '

36 4233 168 4288 araptore
188 4229 261 4273 latam
278 4228 364 4275 fulsse.
385 4228 431 4274 cfr.
451 4229 558 4273 Greuzer
578 4228 701 4282 Syrnbotil
720 4224 744 4280 t,
764 4239 790 4281 p.
812 4222 852 4270 79.
