<?xml version="1.0" encoding="UTF-8"?>
<!DOCTYPE html PUBLIC "-//W3C//DTD XHTML 1.0 Transitional//EN"
    "http://www.w3.org/TR/xhtml1/DTD/xhtml1-transitional.dtd">
<html xmlns="http://www.w3.org/1999/xhtml" xml:lang="en" lang="en">
 <head>
  <title>
</title>
<meta http-equiv="Content-Type" content="text/html;charset=utf-8" />
  <meta name='ocr-system' content='tesseract 3.04.00' />
  <meta name='ocr-capabilities' content='ocr_page ocr_carea ocr_par ocr_line ocrx_word'/>
</head>
<body>
  <div class='ocr_page' id='page_1' title='image "./eclogaepoetarum02orelgoog_0193.png"; bbox 0 0 2750 4744; ppageno 0'>
   <div class='ocr_carea' id='block_1_1' title="bbox 223 176 284 236">
    <p class='ocr_par' dir='ltr' id='par_1_1' title="bbox 223 176 284 236">
     <span class='ocr_line' id='line_1_1' title="bbox 223 176 284 236; baseline 0.033 -2"><span class='ocrx_word' id='word_1_1' title='bbox 223 176 284 236; x_wconf 87' lang='grc'><strong>170</strong></span> 
     </span>
    </p>
   </div>
   <div class='ocr_carea' id='block_1_2' title="bbox 192 324 1190 2639">
    <p class='ocr_par' dir='ltr' id='par_1_2' title="bbox 222 324 1063 516">
     <span class='ocr_line' id='line_1_2' title="bbox 222 324 1063 413; baseline 0 -19"><span class='ocrx_word' id='word_1_2' title='bbox 222 334 276 394; x_wconf 87' lang='lat' dir='ltr'><strong>Tu</strong></span> <span class='ocrx_word' id='word_1_3' title='bbox 296 343 389 412; x_wconf 90' lang='lat' dir='ltr'><strong>potes</strong></span> <span class='ocrx_word' id='word_1_4' title='bbox 409 330 540 394; x_wconf 82' lang='lat' dir='ltr'><strong>insanae</strong></span> <span class='ocrx_word' id='word_1_5' title='bbox 561 330 699 393; x_wconf 83' lang='lat' dir='ltr'><strong>Veneris</strong></span> <span class='ocrx_word' id='word_1_6' title='bbox 722 349 928 413; x_wconf 87' lang='lat' dir='ltr'><strong>compescere</strong></span> <span class='ocrx_word' id='word_1_7' title='bbox 948 324 1063 396; x_wconf 37' lang='lat' dir='ltr'><strong>fastris*</strong></span> 
     </span>
     <span class='ocr_line' id='line_1_3' title="bbox 284 431 944 516; baseline -0.003 -19"><span class='ocrx_word' id='word_1_8' title='bbox 284 432 508 516; x_wconf 79' lang='lat' dir='ltr'><strong>Crurarumquc</strong></span> <span class='ocrx_word' id='word_1_9' title='bbox 528 443 587 496; x_wconf 87' lang='lat' dir='ltr'><strong>tuo</strong></span> <span class='ocrx_word' id='word_1_10' title='bbox 609 431 645 494; x_wconf 83' lang='lat' dir='ltr'><strong>fit</strong></span> <span class='ocrx_word' id='word_1_11' title='bbox 667 431 820 495; x_wconf 80' lang='lat' dir='ltr'><strong>medicina</strong></span> <span class='ocrx_word' id='word_1_12' title='bbox 842 446 944 497; x_wconf 78' lang='lat' dir='ltr'><strong>suero.</strong></span> 
     </span>
    </p>

    <p class='ocr_par' dir='ltr' id='par_1_3' title="bbox 220 534 1071 711">
     <span class='ocr_line' id='line_1_4' title="bbox 220 534 1068 619; baseline -0.001 -20"><span class='ocrx_word' id='word_1_13' title='bbox 220 536 287 599; x_wconf 90' lang='lat' dir='ltr'><strong>Per</strong></span> <span class='ocrx_word' id='word_1_14' title='bbox 310 545 342 596; x_wconf 88' lang='lat' dir='ltr'><strong>te</strong></span> <span class='ocrx_word' id='word_1_15' title='bbox 363 534 556 618; x_wconf 83' lang='lat' dir='ltr'><strong>iunguntur,</strong></span> <span class='ocrx_word' id='word_1_16' title='bbox 579 546 692 619; x_wconf 87' lang='lat' dir='ltr'><strong>perte</strong></span> <span class='ocrx_word' id='word_1_17' title='bbox 714 534 885 597; x_wconf 85' lang='lat' dir='ltr'><strong>solvuntur</strong></span> <span class='ocrx_word' id='word_1_18' title='bbox 907 546 1068 598; x_wconf 83' lang='lat' dir='ltr'><strong>amentes:</strong></span> 
     </span>
     <span class='ocr_line' id='line_1_5' title="bbox 284 633 1071 711; baseline 0.003 -13"><span class='ocrx_word' id='word_1_19' title='bbox 284 638 337 698; x_wconf 87' lang='lat' dir='ltr'><strong>Tu</strong></span> <span class='ocrx_word' id='word_1_20' title='bbox 358 635 469 698; x_wconf 89' lang='lat' dir='ltr'><strong>vitium</strong></span> <span class='ocrx_word' id='word_1_21' title='bbox 492 633 659 699; x_wconf 81' lang='lat' dir='ltr'><strong>exanimo</strong></span> <span class='ocrx_word' id='word_1_22' title='bbox 682 634 788 710; x_wconf 89' lang='lat' dir='ltr'><strong>dilue,</strong></span> <span class='ocrx_word' id='word_1_23' title='bbox 813 637 960 711; x_wconf 83' lang='lat' dir='ltr'><strong>Bacche,</strong></span> <span class='ocrx_word' id='word_1_24' title='bbox 987 657 1071 700; x_wconf 81' lang='lat' dir='ltr'><strong>ineo.</strong></span> 
     </span>
    </p>

    <p class='ocr_par' dir='ltr' id='par_1_4' title="bbox 221 736 1162 916">
     <span class='ocr_line' id='line_1_6' title="bbox 221 736 1162 820; baseline -0.001 -20"><span class='ocrx_word' id='word_1_25' title='bbox 221 739 270 800; x_wconf 77' lang='lat' dir='ltr'><strong>&#39;l&#39;c</strong></span> <span class='ocrx_word' id='word_1_26' title='bbox 292 758 420 820; x_wconf 89' lang='lat' dir='ltr'><strong>quoquc</strong></span> <span class='ocrx_word' id='word_1_27' title='bbox 442 736 523 799; x_wconf 86' lang='lat' dir='ltr'><strong>enim</strong></span> <span class='ocrx_word' id='word_1_28' title='bbox 546 756 610 798; x_wconf 92' lang='lat' dir='ltr'><strong>non</strong></span> <span class='ocrx_word' id='word_1_29' title='bbox 633 756 703 799; x_wconf 85' lang='lat' dir='ltr'><strong>esse</strong></span> <span class='ocrx_word' id='word_1_30' title='bbox 722 740 833 800; x_wconf 86' lang='lat' dir='ltr'><strong>rudem</strong></span> <span class='ocrx_word' id='word_1_31' title='bbox 856 748 990 800; x_wconf 82' lang='lat' dir='ltr'><strong>testatur</strong></span> <span class='ocrx_word' id='word_1_32' title='bbox 1011 736 1043 798; x_wconf 93' lang='lat' dir='ltr'><strong>in</strong></span> <span class='ocrx_word' id='word_1_33' title='bbox 1066 737 1162 800; x_wconf 84' lang='lat' dir='ltr'><strong>astris</strong></span> 
     </span>
     <span class='ocr_line' id='line_1_7' title="bbox 282 835 1027 916; baseline -0.001 -17"><span class='ocrx_word' id='word_1_34' title='bbox 282 837 447 916; x_wconf 77' lang='lat' dir='ltr'><strong>Lyncilsus</strong></span> <span class='ocrx_word' id='word_1_35' title='bbox 469 839 508 897; x_wconf 81' lang='lat' dir='ltr'><strong>nd</strong></span> <span class='ocrx_word' id='word_1_36' title='bbox 530 835 650 897; x_wconf 84' lang='lat' dir='ltr'><strong>caelum</strong></span> <span class='ocrx_word' id='word_1_37' title='bbox 672 847 765 898; x_wconf 87' lang='lat' dir='ltr'><strong>vecta</strong></span> <span class='ocrx_word' id='word_1_38' title='bbox 786 835 931 899; x_wconf 82' lang='lat' dir='ltr'>Ariadna</span> <span class='ocrx_word' id='word_1_39' title='bbox 951 836 1027 898; x_wconf 88' lang='lat' dir='ltr'><strong>tuis.</strong></span> 
     </span>
    </p>

    <p class='ocr_par' dir='ltr' id='par_1_5' title="bbox 192 936 1167 1101">
     <span class='ocr_line' id='line_1_8' title="bbox 192 936 1167 1021; baseline -0.001 -20"><span class='ocrx_word' id='word_1_40' title='bbox 192 988 196 993; x_wconf 85' lang='lat'><strong>.</strong></span> <span class='ocrx_word' id='word_1_41' title='bbox 219 939 295 1002; x_wconf 87' lang='lat' dir='ltr'><strong>Hoc</strong></span> <span class='ocrx_word' id='word_1_42' title='bbox 317 937 411 1011; x_wconf 89' lang='lat' dir='ltr'><strong>mihi,</strong></span> <span class='ocrx_word' id='word_1_43' title='bbox 436 939 524 1018; x_wconf 93' lang='lat' dir='ltr'><strong>quod</strong></span> <span class='ocrx_word' id='word_1_44' title='bbox 547 947 671 1000; x_wconf 85' lang='lat' dir='ltr'><strong>veteres</strong></span> <span class='ocrx_word' id='word_1_45' title='bbox 693 937 832 1000; x_wconf 81' lang='lat' dir='ltr'>custodit</span> <span class='ocrx_word' id='word_1_46' title='bbox 852 936 884 998; x_wconf 94' lang='lat' dir='ltr'><strong>in</strong></span> <span class='ocrx_word' id='word_1_47' title='bbox 908 936 1035 1001; x_wconf 90' lang='lat' dir='ltr'><strong>ossibus</strong></span> <span class='ocrx_word' id='word_1_48' title='bbox 1058 937 1167 1021; x_wconf 76' lang='lat' dir='ltr'><strong>ignes,</strong></span> 
     </span>
     <span class='ocr_line' id='line_1_9' title="bbox 283 1037 986 1101; baseline 0 0"><span class='ocrx_word' id='word_1_49' title='bbox 283 1039 411 1101; x_wconf 82' lang='lat' dir='ltr'>Funera</span> <span class='ocrx_word' id='word_1_50' title='bbox 433 1040 589 1101; x_wconf 85' lang='lat' dir='ltr'><strong>sanabunt</strong></span> <span class='ocrx_word' id='word_1_51' title='bbox 611 1049 664 1099; x_wconf 79' lang='lat' dir='ltr'><strong>snt</strong></span> <span class='ocrx_word' id='word_1_52' title='bbox 685 1048 739 1100; x_wconf 79' lang='lat' dir='ltr'><strong>tua</strong></span> <span class='ocrx_word' id='word_1_53' title='bbox 763 1037 836 1101; x_wconf 84' lang='lat' dir='ltr'><strong>vina</strong></span> <span class='ocrx_word' id='word_1_54' title='bbox 859 1038 986 1101; x_wconf 84' lang='lat' dir='ltr'><strong>malum.</strong></span> 
     </span>
    </p>

    <p class='ocr_par' dir='ltr' id='par_1_6' title="bbox 220 1138 1190 1325">
     <span class='ocr_line' id='line_1_10' title="bbox 220 1138 1155 1222; baseline 0 -20"><span class='ocrx_word' id='word_1_55' title='bbox 220 1139 354 1222; x_wconf 79' lang='lat' dir='ltr'><strong>Semper</strong></span> <span class='ocrx_word' id='word_1_56' title='bbox 375 1140 460 1221; x_wconf 21' lang='lat' dir='ltr'><strong>enim·</strong></span> <span class='ocrx_word' id='word_1_57' title='bbox 479 1161 600 1202; x_wconf 82' lang='lat' dir='ltr'><strong>vacuos</strong></span> <span class='ocrx_word' id='word_1_58' title='bbox 623 1160 688 1202; x_wconf 81' lang='lat' dir='ltr'><strong>nox</strong></span> <span class='ocrx_word' id='word_1_59' title='bbox 711 1138 821 1202; x_wconf 85' lang='lat' dir='ltr'><strong>sobria</strong></span> <span class='ocrx_word' id='word_1_60' title='bbox 842 1150 973 1221; x_wconf 85' lang='lat' dir='ltr'><strong>torquet</strong></span> <span class='ocrx_word' id='word_1_61' title='bbox 995 1151 1155 1216; x_wconf 80' lang='lat' dir='ltr'><strong>amentes,</strong></span> 
     </span>
     <span class='ocr_line' id='line_1_11' title="bbox 282 1240 1190 1325; baseline 0.001 -23"><span class='ocrx_word' id='word_1_62' title='bbox 282 1243 428 1325; x_wconf 82' lang='lat' dir='ltr'>Spesque</span> <span class='ocrx_word' id='word_1_63' title='bbox 449 1240 610 1324; x_wconf 89' lang='lat' dir='ltr'><strong>timorque</strong></span> <span class='ocrx_word' id='word_1_64' title='bbox 632 1240 767 1302; x_wconf 80' lang='lat' dir='ltr'><strong>animum</strong></span> <span class='ocrx_word' id='word_1_65' title='bbox 792 1252 895 1304; x_wconf 84' lang='lat' dir='ltr'><strong>versat</strong></span> <span class='ocrx_word' id='word_1_66' title='bbox 917 1252 1057 1323; x_wconf 89' lang='lat' dir='ltr'><strong>utroque</strong></span> <span class='ocrx_word' id='word_1_67' title='bbox 1079 1243 1190 1304; x_wconf 89' lang='lat' dir='ltr'><strong>modo.</strong></span> 
     </span>
    </p>

    <p class='ocr_par' dir='ltr' id='par_1_7' title="bbox 220 1341 1153 1506">
     <span class='ocr_line' id='line_1_12' title="bbox 220 1341 1153 1423; baseline 0 -19"><span class='ocrx_word' id='word_1_68' title='bbox 220 1342 384 1421; x_wconf 84' lang='lat' dir='ltr'><strong>Quodsi,</strong></span> <span class='ocrx_word' id='word_1_69' title='bbox 410 1344 554 1416; x_wconf 76' lang='lat' dir='ltr'><strong>Bacche,</strong></span> <span class='ocrx_word' id='word_1_70' title='bbox 578 1342 640 1405; x_wconf 88' lang='lat' dir='ltr'><strong>tuis</strong></span> <span class='ocrx_word' id='word_1_71' title='bbox 663 1363 722 1423; x_wconf 86' lang='lat' dir='ltr'><strong>per</strong></span> <span class='ocrx_word' id='word_1_72' title='bbox 743 1341 870 1404; x_wconf 81' lang='lat' dir='ltr'><strong>fervida</strong></span> <span class='ocrx_word' id='word_1_73' title='bbox 891 1354 1037 1422; x_wconf 81' lang='lat' dir='ltr'><strong>tempora</strong></span> <span class='ocrx_word' id='word_1_74' title='bbox 1060 1342 1153 1405; x_wconf 90' lang='lat' dir='ltr'><strong>donis</strong></span> 
     </span>
     <span class='ocr_line' id='line_1_13' title="bbox 281 1443 960 1506; baseline -0.003 0"><span class='ocrx_word' id='word_1_75' title='bbox 281 1443 464 1506; x_wconf 80' lang='lat' dir='ltr'><strong>Arcessitus</strong></span> <span class='ocrx_word' id='word_1_76' title='bbox 487 1443 547 1505; x_wconf 88' lang='lat' dir='ltr'><strong>erit</strong></span> <span class='ocrx_word' id='word_1_77' title='bbox 569 1464 700 1506; x_wconf 88' lang='lat' dir='ltr'><strong>somnus</strong></span> <span class='ocrx_word' id='word_1_78' title='bbox 722 1443 753 1504; x_wconf 90' lang='lat' dir='ltr'><strong>in</strong></span> <span class='ocrx_word' id='word_1_79' title='bbox 777 1463 849 1505; x_wconf 81' lang='lat' dir='ltr'><strong>ossa</strong></span> <span class='ocrx_word' id='word_1_80' title='bbox 872 1464 960 1504; x_wconf 78' lang='lat' dir='ltr'><strong>rues:</strong></span> 
     </span>
    </p>

    <p class='ocr_par' dir='ltr' id='par_1_8' title="bbox 218 1540 1084 1729">
     <span class='ocr_line' id='line_1_14' title="bbox 218 1540 1084 1628; baseline 0 -22"><span class='ocrx_word' id='word_1_81' title='bbox 218 1543 294 1625; x_wconf 89' lang='lat' dir='ltr'><strong>Ipse</strong></span> <span class='ocrx_word' id='word_1_82' title='bbox 316 1565 420 1607; x_wconf 84' lang='lat' dir='ltr'><strong>seram</strong></span> <span class='ocrx_word' id='word_1_83' title='bbox 445 1543 523 1607; x_wconf 90' lang='lat' dir='ltr'><strong>vites</strong></span> <span class='ocrx_word' id='word_1_84' title='bbox 545 1562 746 1628; x_wconf 82' lang='lat' dir='ltr'>pangamque</span> <span class='ocrx_word' id='word_1_85' title='bbox 768 1565 810 1606; x_wconf 84' lang='lat' dir='ltr'><strong>cx</strong></span> <span class='ocrx_word' id='word_1_86' title='bbox 832 1545 944 1608; x_wconf 87' lang='lat' dir='ltr'><strong>ordine</strong></span> <span class='ocrx_word' id='word_1_87' title='bbox 967 1540 1084 1618; x_wconf 86' lang='lat' dir='ltr'><strong>colles,</strong></span> 
     </span>
     <span class='ocr_line' id='line_1_15' title="bbox 283 1645 1028 1729; baseline 0.003 -21"><span class='ocrx_word' id='word_1_88' title='bbox 283 1646 375 1725; x_wconf 85' lang='lat' dir='ltr'><strong>Quos</strong></span> <span class='ocrx_word' id='word_1_89' title='bbox 397 1656 529 1727; x_wconf 76' lang='lat' dir='ltr'>carpant</span> <span class='ocrx_word' id='word_1_90' title='bbox 550 1645 654 1707; x_wconf 81' lang='lat' dir='ltr'><strong>nullae</strong></span> <span class='ocrx_word' id='word_1_91' title='bbox 676 1667 724 1707; x_wconf 88' lang='lat' dir='ltr'><strong>me</strong></span> <span class='ocrx_word' id='word_1_92' title='bbox 748 1645 900 1729; x_wconf 84' lang='lat' dir='ltr'>vigilante</span> <span class='ocrx_word' id='word_1_93' title='bbox 922 1646 1028 1710; x_wconf 82' lang='lat' dir='ltr'><strong>serae:</strong></span> 
     </span>
    </p>

    <p class='ocr_par' dir='ltr' id='par_1_9' title="bbox 217 1746 1091 1932">
     <span class='ocr_line' id='line_1_16' title="bbox 217 1746 1091 1829; baseline -0.002 -17"><span class='ocrx_word' id='word_1_94' title='bbox 217 1748 402 1812; x_wconf 86' lang='lat' dir='ltr'><strong>Dummodo</strong></span> <span class='ocrx_word' id='word_1_95' title='bbox 425 1768 591 1829; x_wconf 88' lang='lat' dir='ltr'><strong>purpureo</strong></span> <span class='ocrx_word' id='word_1_96' title='bbox 613 1758 759 1828; x_wconf 84' lang='lat' dir='ltr'><strong>spument</strong></span> <span class='ocrx_word' id='word_1_97' title='bbox 781 1746 857 1809; x_wconf 87' lang='lat' dir='ltr'><strong>mihi</strong></span> <span class='ocrx_word' id='word_1_98' title='bbox 879 1747 964 1810; x_wconf 83' lang='lat' dir='ltr'><strong>dolia</strong></span> <span class='ocrx_word' id='word_1_99' title='bbox 987 1759 1091 1810; x_wconf 83' lang='lat' dir='ltr'><strong>nursto</strong></span> 
     </span>
     <span class='ocr_line' id='line_1_17' title="bbox 280 1848 1022 1932; baseline 0 -21"><span class='ocrx_word' id='word_1_100' title='bbox 280 1851 325 1911; x_wconf 86' lang='lat' dir='ltr'><strong>Et</strong></span> <span class='ocrx_word' id='word_1_101' title='bbox 346 1868 430 1911; x_wconf 82' lang='lat' dir='ltr'><strong>nova</strong></span> <span class='ocrx_word' id='word_1_102' title='bbox 454 1859 636 1929; x_wconf 78' lang='lat' dir='ltr'><strong>pressantes</strong></span> <span class='ocrx_word' id='word_1_103' title='bbox 658 1848 802 1932; x_wconf 92' lang='lat' dir='ltr'><strong>inquinet</strong></span> <span class='ocrx_word' id='word_1_104' title='bbox 824 1868 886 1910; x_wconf 80' lang='lat' dir='ltr'><strong>uve</strong></span> <span class='ocrx_word' id='word_1_105' title='bbox 910 1850 1022 1928; x_wconf 88' lang='lat' dir='ltr'><strong>pedes.</strong></span> 
     </span>
    </p>

    <p class='ocr_par' dir='ltr' id='par_1_10' title="bbox 217 1947 1117 2134">
     <span class='ocr_line' id='line_1_18' title="bbox 217 1947 1117 2030; baseline -0.001 -18"><span class='ocrx_word' id='word_1_106' title='bbox 217 1950 316 2028; x_wconf 83' lang='lat' dir='ltr'><strong>Quod</strong></span> <span class='ocrx_word' id='word_1_107' title='bbox 337 1960 486 2030; x_wconf 83' lang='lat' dir='ltr'><strong>superest</strong></span> <span class='ocrx_word' id='word_1_108' title='bbox 510 1947 611 2025; x_wconf 81' lang='lat' dir='ltr'><strong>vitae,</strong></span> <span class='ocrx_word' id='word_1_109' title='bbox 636 1959 748 2030; x_wconf 88' lang='lat' dir='ltr'><strong>perte</strong></span> <span class='ocrx_word' id='word_1_110' title='bbox 771 1960 824 2011; x_wconf 86' lang='lat' dir='ltr'><strong>tua</strong></span> <span class='ocrx_word' id='word_1_111' title='bbox 847 1970 985 2023; x_wconf 85' lang='lat' dir='ltr'><strong>cornua,</strong></span> <span class='ocrx_word' id='word_1_112' title='bbox 1011 1948 1117 2012; x_wconf 78' lang='lat' dir='ltr'><strong>vivum</strong></span> 
     </span>
     <span class='ocr_line' id='line_1_19' title="bbox 280 2049 1014 2134; baseline -0.004 -20"><span class='ocrx_word' id='word_1_113' title='bbox 280 2051 485 2134; x_wconf 86' lang='lat' dir='ltr'><strong>Virtutisque</strong></span> <span class='ocrx_word' id='word_1_114' title='bbox 508 2062 596 2127; x_wconf 83' lang='lat' dir='ltr'><strong>tuae,</strong></span> <span class='ocrx_word' id='word_1_115' title='bbox 622 2051 768 2125; x_wconf 77' lang='lat' dir='ltr'><strong>Bacche,</strong></span> <span class='ocrx_word' id='word_1_116' title='bbox 792 2053 890 2132; x_wconf 78' lang='lat' dir='ltr'><strong>poc‘ta</strong></span> <span class='ocrx_word' id='word_1_117' title='bbox 912 2049 1014 2113; x_wconf 80' lang='lat' dir='ltr'><strong>ferar.</strong></span> 
     </span>
    </p>

    <p class='ocr_par' dir='ltr' id='par_1_11' title="bbox 216 2151 1074 2334">
     <span class='ocr_line' id='line_1_20' title="bbox 216 2151 1074 2235; baseline -0.001 -20"><span class='ocrx_word' id='word_1_118' title='bbox 216 2151 330 2215; x_wconf 78' lang='lat' dir='ltr'><strong>Dicam</strong></span> <span class='ocrx_word' id='word_1_119' title='bbox 353 2172 416 2235; x_wconf 84' lang='lat' dir='ltr'><strong>ego</strong></span> <span class='ocrx_word' id='word_1_120' title='bbox 440 2162 600 2215; x_wconf 78' lang='lat' dir='ltr'><strong>maternos</strong></span> <span class='ocrx_word' id='word_1_121' title='bbox 622 2153 770 2214; x_wconf 82' lang='lat' dir='ltr'><strong>Aetnaeo</strong></span> <span class='ocrx_word' id='word_1_122' title='bbox 792 2151 923 2214; x_wconf 80' lang='lat' dir='ltr'><strong>fulmine</strong></span> <span class='ocrx_word' id='word_1_123' title='bbox 945 2164 1074 2235; x_wconf 84' lang='lat' dir='ltr'><strong>portus,</strong></span> 
     </span>
     <span class='ocr_line' id='line_1_21' title="bbox 280 2238 940 2334; baseline 0.006 -20"><span class='ocrx_word' id='word_1_124' title='bbox 280 2252 388 2315; x_wconf 82' lang='lat' dir='ltr'><strong>Indice</strong></span> <span class='ocrx_word' id='word_1_125' title='bbox 411 2244 546 2331; x_wconf 79' lang='lat' dir='ltr'><strong>Nysaeis</strong></span> <span class='ocrx_word' id='word_1_126' title='bbox 569 2273 654 2314; x_wconf 78' lang='lat' dir='ltr'><strong>arina</strong></span> <span class='ocrx_word' id='word_1_127' title='bbox 676 2252 785 2334; x_wconf 80' lang='lat' dir='ltr'><strong>fugata</strong></span> <span class='ocrx_word' id='word_1_128' title='bbox 807 2238 940 2318; x_wconf 80' lang='lat' dir='ltr'><strong>choris:</strong></span> 
     </span>
    </p>

    <p class='ocr_par' dir='ltr' id='par_1_12' title="bbox 217 2353 1159 2540">
     <span class='ocr_line' id='line_1_22' title="bbox 217 2353 1159 2440; baseline 0.003 -24"><span class='ocrx_word' id='word_1_129' title='bbox 217 2355 444 2436; x_wconf 85' lang='lat' dir='ltr'><strong>Vesanumque</strong></span> <span class='ocrx_word' id='word_1_130' title='bbox 467 2374 552 2417; x_wconf 85' lang='lat' dir='ltr'><strong>nova</strong></span> <span class='ocrx_word' id='word_1_131' title='bbox 575 2353 785 2438; x_wconf 79' lang='lat' dir='ltr'><strong>nequidquam</strong></span> <span class='ocrx_word' id='word_1_132' title='bbox 809 2354 840 2416; x_wconf 94' lang='lat' dir='ltr'><strong>in</strong></span> <span class='ocrx_word' id='word_1_133' title='bbox 864 2355 928 2418; x_wconf 86' lang='lat' dir='ltr'><strong>vite</strong></span> <span class='ocrx_word' id='word_1_134' title='bbox 951 2357 1159 2440; x_wconf 79' lang='lat' dir='ltr'><strong>Lycurgum,</strong></span> 
     </span>
     <span class='ocr_line' id='line_1_23' title="bbox 279 2453 1092 2540; baseline 0.001 -22"><span class='ocrx_word' id='word_1_135' title='bbox 279 2455 445 2518; x_wconf 88' lang='lat' dir='ltr'><strong>Pentheos</strong></span> <span class='ocrx_word' id='word_1_136' title='bbox 467 2453 501 2516; x_wconf 90' lang='lat' dir='ltr'><strong>in</strong></span> <span class='ocrx_word' id='word_1_137' title='bbox 523 2453 665 2536; x_wconf 84' lang='lat' dir='ltr'><strong>triplices</strong></span> <span class='ocrx_word' id='word_1_138' title='bbox 686 2453 799 2516; x_wconf 82' lang='lat' dir='ltr'><strong>lunera</strong></span> <span class='ocrx_word' id='word_1_139' title='bbox 823 2468 915 2539; x_wconf 83' lang='lat' dir='ltr'><strong>grata</strong></span> <span class='ocrx_word' id='word_1_140' title='bbox 937 2461 1092 2540; x_wconf 55' lang='lat' dir='ltr'><strong>gregem*</strong></span> 
     </span>
    </p>

    <p class='ocr_par' dir='ltr' id='par_1_13' title="bbox 220 2555 1108 2639">
     <span class='ocr_line' id='line_1_24' title="bbox 220 2555 1108 2639; baseline 0 -19"><span class='ocrx_word' id='word_1_141' title='bbox 220 2555 394 2639; x_wconf 82' lang='lat' dir='ltr'><strong>Curvequc</strong></span> <span class='ocrx_word' id='word_1_142' title='bbox 419 2558 608 2635; x_wconf 85' lang='lat' dir='ltr'><strong>Tyrrhenos</strong></span> <span class='ocrx_word' id='word_1_143' title='bbox 631 2556 811 2639; x_wconf 83' lang='lat' dir='ltr'><strong>delphinum</strong></span> <span class='ocrx_word' id='word_1_144' title='bbox 833 2576 975 2639; x_wconf 83' lang='lat' dir='ltr'><strong>corpora</strong></span> <span class='ocrx_word' id='word_1_145' title='bbox 997 2568 1108 2622; x_wconf 82' lang='lat' dir='ltr'><strong>nautes</strong></span> 
     </span>
    </p>
   </div>
   <div class='ocr_carea' id='block_1_3' title="bbox 181 2774 1328 4271">
    <p class='ocr_par' dir='ltr' id='par_1_14' title="bbox 181 2774 1328 4271">
     <span class='ocr_line' id='line_1_25' title="bbox 183 2774 1328 2835; baseline 0 -14"><span class='ocrx_word' id='word_1_146' title='bbox 183 2807 190 2813; x_wconf 84' lang='lat'>-</span> <span class='ocrx_word' id='word_1_147' title='bbox 286 2775 311 2821; x_wconf 79' lang='lat' dir='ltr'><strong>d.</strong></span> <span class='ocrx_word' id='word_1_148' title='bbox 332 2775 366 2821; x_wconf 80' lang='lat' dir='ltr'><strong>od</strong></span> <span class='ocrx_word' id='word_1_149' title='bbox 388 2777 464 2822; x_wconf 83' lang='lat' dir='ltr'><strong>Codd.</strong></span> <span class='ocrx_word' id='word_1_150' title='bbox 487 2777 612 2831; x_wconf 82' lang='lat' dir='ltr'><strong>meliores,</strong></span> <span class='ocrx_word' id='word_1_151' title='bbox 631 2776 779 2821; x_wconf 62' lang='grc'><strong>[11111111.-</strong></span> <span class='ocrx_word' id='word_1_152' title='bbox 797 2778 823 2820; x_wconf 77' lang='lat' dir='ltr'><strong>iu</strong></span> <span class='ocrx_word' id='word_1_153' title='bbox 840 2779 923 2835; x_wconf 73' lang='lat' dir='ltr'><strong>vulgo.</strong></span> <span class='ocrx_word' id='word_1_154' title='bbox 985 2774 1026 2821; x_wconf 89' lang='grc'><strong>10.</strong></span> <span class='ocrx_word' id='word_1_155' title='bbox 1046 2783 1091 2820; x_wconf 80' lang='lat' dir='ltr'><strong>aut</strong></span> <span class='ocrx_word' id='word_1_156' title='bbox 1109 2777 1187 2822; x_wconf 81' lang='lat' dir='ltr'><strong>Codri.</strong></span> <span class='ocrx_word' id='word_1_157' title='bbox 1210 2778 1239 2822; x_wconf 76' lang='lat'><strong>1..</strong></span> <span class='ocrx_word' id='word_1_158' title='bbox 1261 2803 1292 2812; x_wconf 98' lang='lat'>-</span> <span class='ocrx_word' id='word_1_159' title='bbox 1308 2784 1328 2821; x_wconf 76' lang='lat' dir='ltr'><strong>nt</strong></span> 
     </span>
     <span class='ocr_line' id='line_1_26' title="bbox 215 2846 1328 2903; baseline 0 -15"><span class='ocrx_word' id='word_1_160' title='bbox 215 2846 299 2890; x_wconf 77' lang='lat' dir='ltr'><strong>Volso.</strong></span> <span class='ocrx_word' id='word_1_161' title='bbox 324 2865 355 2877; x_wconf 87' lang='lat'>-</span> <span class='ocrx_word' id='word_1_162' title='bbox 368 2847 407 2890; x_wconf 78' lang='grc'><strong>111</strong></span> <span class='ocrx_word' id='word_1_163' title='bbox 422 2847 504 2903; x_wconf 74' lang='lat' dir='ltr'><strong>vulgo.</strong></span> <span class='ocrx_word' id='word_1_164' title='bbox 523 2846 680 2899; x_wconf 77' lang='lat' dir='ltr'><strong>(„l²orticnlu</strong></span> <span class='ocrx_word' id='word_1_165' title='bbox 702 2849 746 2888; x_wconf 79' lang='lat' dir='ltr'><strong>out</strong></span> <span class='ocrx_word' id='word_1_166' title='bbox 766 2858 867 2899; x_wconf 85' lang='lat' dir='ltr'><strong>prorsus</strong></span> <span class='ocrx_word' id='word_1_167' title='bbox 885 2846 989 2891; x_wconf 79' lang='lat' dir='ltr'><strong>excludit</strong></span> <span class='ocrx_word' id='word_1_168' title='bbox 1010 2847 1130 2899; x_wconf 76' lang='lat' dir='ltr'><strong>alterurn,</strong></span> <span class='ocrx_word' id='word_1_169' title='bbox 1152 2847 1192 2891; x_wconf 81' lang='lat' dir='ltr'><strong>cel</strong></span> <span class='ocrx_word' id='word_1_170' title='bbox 1208 2847 1328 2891; x_wconf 72' lang='lat' dir='ltr'><strong>admittit.’&#39;</strong></span> 
     </span>
     <span class='ocr_line' id='line_1_27' title="bbox 215 2911 1326 2973; baseline -0.002 -15"><span class='ocrx_word' id='word_1_171' title='bbox 215 2914 315 2959; x_wconf 74' lang='lat' dir='ltr'><strong>Lucium.</strong></span> <span class='ocrx_word' id='word_1_172' title='bbox 334 2927 359 2968; x_wconf 83' lang='lat' dir='ltr'><strong>p.</strong></span> <span class='ocrx_word' id='word_1_173' title='bbox 380 2912 454 2972; x_wconf 84' lang='lat'><strong>318.)</strong></span> <span class='ocrx_word' id='word_1_174' title='bbox 510 2912 551 2958; x_wconf 92' lang='lat'><strong>12.</strong></span> <span class='ocrx_word' id='word_1_175' title='bbox 572 2920 673 2973; x_wconf 76' lang='lat' dir='ltr'><strong>utroque</strong></span> <span class='ocrx_word' id='word_1_176' title='bbox 691 2911 773 2970; x_wconf 82' lang='lat' dir='ltr'><strong>modo]</strong></span> <span class='ocrx_word' id='word_1_177' title='bbox 792 2915 868 2959; x_wconf 87' lang='lat' dir='ltr'><strong>Codd.</strong></span> <span class='ocrx_word' id='word_1_178' title='bbox 884 2915 941 2971; x_wconf 80' lang='lat' dir='ltr'><strong>aliq.</strong></span> <span class='ocrx_word' id='word_1_179' title='bbox 963 2914 1078 2969; x_wconf 74' lang='lat' dir='ltr'><strong>probante</strong></span> <span class='ocrx_word' id='word_1_180' title='bbox 1097 2914 1221 2959; x_wconf 79' lang='lat' dir='ltr'><strong>Huschlrio</strong></span> <span class='ocrx_word' id='word_1_181' title='bbox 1236 2917 1266 2960; x_wconf 74' lang='lat' dir='ltr'><strong>ad</strong></span> <span class='ocrx_word' id='word_1_182' title='bbox 1278 2916 1326 2959; x_wconf 76' lang='lat' dir='ltr'><strong>Tu.</strong></span> 
     </span>
     <span class='ocr_line' id='line_1_28' title="bbox 217 2980 1327 3042; baseline -0.001 -16"><span class='ocrx_word' id='word_1_183' title='bbox 217 2982 249 3038; x_wconf 87' lang='lat'><strong>1,</strong></span> <span class='ocrx_word' id='word_1_184' title='bbox 272 2981 302 3036; x_wconf 87' lang='grc'><strong>8,</strong></span> <span class='ocrx_word' id='word_1_185' title='bbox 324 2980 365 3027; x_wconf 67' lang='grc'><strong>61.</strong></span> <span class='ocrx_word' id='word_1_186' title='bbox 407 2984 456 3027; x_wconf 75' lang='lat' dir='ltr'><strong>lac.</strong></span> <span class='ocrx_word' id='word_1_187' title='bbox 475 2982 525 3027; x_wconf 86' lang='lat' dir='ltr'><strong>L2.</strong></span> <span class='ocrx_word' id='word_1_188' title='bbox 545 3007 578 3017; x_wconf 92' lang='lat'><em>-</em></span> <span class='ocrx_word' id='word_1_189' title='bbox 595 2988 697 3041; x_wconf 80' lang='lat' dir='ltr'><strong>utroquo</strong></span> <span class='ocrx_word' id='word_1_190' title='bbox 711 2996 794 3026; x_wconf 77' lang='lat' dir='ltr'><strong>meum</strong></span> <span class='ocrx_word' id='word_1_191' title='bbox 811 2985 901 3042; x_wconf 81' lang='lat' dir='ltr'><strong>Vulgo.</strong></span> <span class='ocrx_word' id='word_1_192' title='bbox 916 3003 951 3015; x_wconf 94' lang='lat'>-</span> <span class='ocrx_word' id='word_1_193' title='bbox 969 2983 1086 3041; x_wconf 77' lang='lat' dir='ltr'><strong>utrinque</strong></span> <span class='ocrx_word' id='word_1_194' title='bbox 1104 2996 1186 3027; x_wconf 82' lang='lat' dir='ltr'><strong>meum</strong></span> <span class='ocrx_word' id='word_1_195' title='bbox 1199 2984 1327 3027; x_wconf 73' lang='lat' dir='ltr'><strong>beudmrle</strong></span> 
     </span>
     <span class='ocr_line' id='line_1_29' title="bbox 216 3051 1326 3109; baseline -0.002 -12"><span class='ocrx_word' id='word_1_196' title='bbox 216 3052 293 3100; x_wconf 86' lang='lat' dir='ltr'><strong>Gron.</strong></span> <span class='ocrx_word' id='word_1_197' title='bbox 313 3052 448 3108; x_wconf 77' lang='lat' dir='ltr'><strong>Perreins3</strong></span> <span class='ocrx_word' id='word_1_198' title='bbox 469 3054 515 3097; x_wconf 88' lang='lat' dir='ltr'><strong>nisi</strong></span> <span class='ocrx_word' id='word_1_199' title='bbox 534 3053 596 3109; x_wconf 84' lang='lat' dir='ltr'><strong>qnod</strong></span> <span class='ocrx_word' id='word_1_200' title='bbox 615 3051 732 3096; x_wconf 78' lang='lat' dir='ltr'><strong>sententie</strong></span> <span class='ocrx_word' id='word_1_201' title='bbox 756 3053 878 3109; x_wconf 69' lang='lat' dir='ltr'><strong>generalis</strong></span> <span class='ocrx_word' id='word_1_202' title='bbox 897 3051 989 3095; x_wconf 83' lang='lat' dir='ltr'><strong>videtur</strong></span> <span class='ocrx_word' id='word_1_203' title='bbox 1007 3053 1035 3095; x_wconf 82' lang='lat' dir='ltr'><strong>de</strong></span> <span class='ocrx_word' id='word_1_204' title='bbox 1049 3052 1161 3095; x_wconf 84' lang='lat' dir='ltr'><strong>omnibus</strong></span> <span class='ocrx_word' id='word_1_205' title='bbox 1183 3053 1326 3101; x_wconf 77' lang='lat' dir='ltr'><strong>sinentibus.</strong></span> 
     </span>
     <span class='ocr_line' id='line_1_30' title="bbox 215 3113 1327 3177; baseline -0.002 -13"><span class='ocrx_word' id='word_1_206' title='bbox 215 3122 303 3165; x_wconf 85' lang='lat' dir='ltr'><strong>nonde</strong></span> <span class='ocrx_word' id='word_1_207' title='bbox 318 3121 448 3177; x_wconf 85' lang='lat' dir='ltr'><strong>Propertio</strong></span> <span class='ocrx_word' id='word_1_208' title='bbox 467 3123 530 3166; x_wconf 78' lang='lat' dir='ltr'><strong>solo.</strong></span> <span class='ocrx_word' id='word_1_209' title='bbox 570 3120 611 3165; x_wconf 82' lang='lat'><strong>15.</strong></span> <span class='ocrx_word' id='word_1_210' title='bbox 632 3121 718 3164; x_wconf 70' lang='lat' dir='ltr'><strong>caules</strong></span> <span class='ocrx_word' id='word_1_211' title='bbox 738 3113 827 3164; x_wconf 73' lang='lat' dir='ltr'><strong>Bnrm.</strong></span> <span class='ocrx_word' id='word_1_212' title='bbox 852 3120 923 3175; x_wconf 89' lang='lat' dir='ltr'><strong>primi</strong></span> <span class='ocrx_word' id='word_1_213' title='bbox 947 3120 1011 3163; x_wconf 88' lang='lat' dir='ltr'><strong>coni.</strong></span> <span class='ocrx_word' id='word_1_214' title='bbox 1051 3118 1091 3164; x_wconf 82' lang='grc'><strong>19.</strong></span> <span class='ocrx_word' id='word_1_215' title='bbox 1108 3134 1157 3176; x_wconf 81' lang='lat' dir='ltr'><strong>per</strong></span> <span class='ocrx_word' id='word_1_216' title='bbox 1175 3125 1200 3163; x_wconf 81' lang='lat' dir='ltr'><strong>te</strong></span> <span class='ocrx_word' id='word_1_217' title='bbox 1218 3127 1263 3165; x_wconf 74' lang='lat' dir='ltr'><strong>tua</strong></span> <span class='ocrx_word' id='word_1_218' title='bbox 1280 3133 1327 3164; x_wconf 85' lang='lat' dir='ltr'><strong>cor·</strong></span> 
     </span>
     <span class='ocr_line' id='line_1_31' title="bbox 214 3187 1327 3247; baseline -0.003 -13"><span class='ocrx_word' id='word_1_219' title='bbox 214 3203 266 3234; x_wconf 81' lang='lat' dir='ltr'><strong>uua</strong></span> <span class='ocrx_word' id='word_1_220' title='bbox 284 3194 380 3247; x_wconf 73' lang='lat' dir='ltr'><strong>egregie</strong></span> <span class='ocrx_word' id='word_1_221' title='bbox 399 3188 447 3234; x_wconf 80' lang='lat' dir='ltr'><strong>L2.</strong></span> <span class='ocrx_word' id='word_1_222' title='bbox 467 3204 497 3235; x_wconf 82' lang='lat' dir='ltr'><strong>ex</strong></span> <span class='ocrx_word' id='word_1_223' title='bbox 515 3191 586 3234; x_wconf 74' lang='lat' dir='ltr'><strong>solite</strong></span> <span class='ocrx_word' id='word_1_224' title='bbox 605 3189 725 3242; x_wconf 80' lang='lat' dir='ltr'><strong>formula,</strong></span> <span class='ocrx_word' id='word_1_225' title='bbox 751 3191 781 3233; x_wconf 83' lang='lat' dir='ltr'><strong>ds</strong></span> <span class='ocrx_word' id='word_1_226' title='bbox 800 3203 846 3245; x_wconf 78' lang='lat' dir='ltr'><strong>qun</strong></span> <span class='ocrx_word' id='word_1_227' title='bbox 865 3189 903 3246; x_wconf 78' lang='lat' dir='ltr'><strong>egi</strong></span> <span class='ocrx_word' id='word_1_228' title='bbox 921 3194 976 3243; x_wconf 73' lang='lat' dir='ltr'><strong>post</strong></span> <span class='ocrx_word' id='word_1_229' title='bbox 993 3187 1150 3233; x_wconf 74' lang='lat' dir='ltr'><strong>Garatoninm</strong></span> <span class='ocrx_word' id='word_1_230' title='bbox 1170 3191 1200 3232; x_wconf 79' lang='lat' dir='ltr'><strong>ad</strong></span> <span class='ocrx_word' id='word_1_231' title='bbox 1219 3188 1327 3235; x_wconf 81' lang='lat' dir='ltr'><strong>Plancin-</strong></span> 
     </span>
     <span class='ocr_line' id='line_1_32' title="bbox 214 3255 1327 3316; baseline -0.004 -14"><span class='ocrx_word' id='word_1_232' title='bbox 214 3271 274 3302; x_wconf 82' lang='lat' dir='ltr'><strong>num</strong></span> <span class='ocrx_word' id='word_1_233' title='bbox 292 3259 322 3302; x_wconf 88' lang='lat' dir='ltr'><strong>C.</strong></span> <span class='ocrx_word' id='word_1_234' title='bbox 343 3256 385 3305; x_wconf 76' lang='lat'><strong>42.</strong></span> <span class='ocrx_word' id='word_1_235' title='bbox 403 3271 450 3315; x_wconf 81' lang='lat' dir='ltr'><strong>per</strong></span> <span class='ocrx_word' id='word_1_236' title='bbox 468 3272 510 3304; x_wconf 74' lang='lat' dir='ltr'><strong>sos</strong></span> <span class='ocrx_word' id='word_1_237' title='bbox 522 3255 655 3316; x_wconf 79' lang='lat' dir='ltr'><strong>fortunar,</strong></span> <span class='ocrx_word' id='word_1_238' title='bbox 664 3271 713 3315; x_wconf 80' lang='lat' dir='ltr'><strong>per</strong></span> <span class='ocrx_word' id='word_1_239' title='bbox 724 3257 818 3302; x_wconf 75' lang='lat' dir='ltr'><strong>liberos</strong></span> <span class='ocrx_word' id='word_1_240' title='bbox 836 3263 945 3301; x_wconf 71' lang='lat' dir='ltr'><strong>uestros.</strong></span> <span class='ocrx_word' id='word_1_241' title='bbox 961 3258 1041 3315; x_wconf 80' lang='lat' dir='ltr'><strong>Vulgo</strong></span> <span class='ocrx_word' id='word_1_242' title='bbox 1059 3270 1133 3311; x_wconf 75' lang='lat' dir='ltr'><strong>paene</strong></span> <span class='ocrx_word' id='word_1_243' title='bbox 1152 3258 1274 3303; x_wconf 85' lang='lat' dir='ltr'><strong>ridicule:</strong></span> <span class='ocrx_word' id='word_1_244' title='bbox 1290 3271 1327 3314; x_wconf 76' lang='lat' dir='ltr'><strong>per</strong></span> 
     </span>
     <span class='ocr_line' id='line_1_33' title="bbox 214 3325 1326 3388; baseline -0.004 -18"><span class='ocrx_word' id='word_1_245' title='bbox 214 3332 238 3371; x_wconf 78' lang='lat'><strong>10</strong></span> <span class='ocrx_word' id='word_1_246' title='bbox 256 3330 280 3368; x_wconf 81' lang='lat' dir='ltr'><strong>ct</strong></span> <span class='ocrx_word' id='word_1_247' title='bbox 298 3331 341 3369; x_wconf 79' lang='lat' dir='ltr'><strong>tuo</strong></span> <span class='ocrx_word' id='word_1_248' title='bbox 359 3339 464 3370; x_wconf 75' lang='lat' dir='ltr'><strong>cornua.</strong></span> <span class='ocrx_word' id='word_1_249' title='bbox 528 3325 569 3372; x_wconf 78' lang='lat'><strong>27.</strong></span> <span class='ocrx_word' id='word_1_250' title='bbox 590 3326 667 3370; x_wconf 78' lang='lat' dir='ltr'><strong>olenti</strong></span> <span class='ocrx_word' id='word_1_251' title='bbox 679 3325 802 3388; x_wconf 82' lang='lat' dir='ltr'><strong>flumine,</strong></span> <span class='ocrx_word' id='word_1_252' title='bbox 828 3331 945 3370; x_wconf 78' lang='lat' dir='ltr'><strong>commate</strong></span> <span class='ocrx_word' id='word_1_253' title='bbox 964 3331 1019 3379; x_wconf 83' lang='lat' dir='ltr'><strong>post</strong></span> <span class='ocrx_word' id='word_1_254' title='bbox 1036 3338 1133 3369; x_wconf 78' lang='lat' dir='ltr'><strong>merum</strong></span> <span class='ocrx_word' id='word_1_255' title='bbox 1151 3327 1253 3381; x_wconf 83' lang='lat' dir='ltr'><strong>posito,</strong></span> <span class='ocrx_word' id='word_1_256' title='bbox 1274 3326 1326 3370; x_wconf 77' lang='lat' dir='ltr'><strong>Scri.</strong></span> 
     </span>
     <span class='ocr_line' id='line_1_34' title="bbox 215 3393 1325 3452; baseline -0.002 -13"><span class='ocrx_word' id='word_1_257' title='bbox 215 3395 278 3439; x_wconf 82' lang='lat' dir='ltr'><strong>coni.</strong></span> <span class='ocrx_word' id='word_1_258' title='bbox 299 3396 489 3452; x_wconf 74' lang='lat' dir='ltr'><strong>vulgoreceptn.</strong></span> <span class='ocrx_word' id='word_1_259' title='bbox 545 3393 587 3439; x_wconf 87' lang='lat'><strong>28.</strong></span> <span class='ocrx_word' id='word_1_260' title='bbox 605 3395 684 3452; x_wconf 76' lang='lat' dir='ltr'><strong>potor]</strong></span> <span class='ocrx_word' id='word_1_261' title='bbox 706 3394 767 3438; x_wconf 85' lang='lat' dir='ltr'><strong>Cod.</strong></span> <span class='ocrx_word' id='word_1_262' title='bbox 785 3394 862 3439; x_wconf 88' lang='lat' dir='ltr'><strong>Gron.</strong></span> <span class='ocrx_word' id='word_1_263' title='bbox 889 3394 937 3438; x_wconf 74' lang='lat' dir='ltr'><strong>lac.</strong></span> <span class='ocrx_word' id='word_1_264' title='bbox 955 3400 1030 3438; x_wconf 85' lang='lat' dir='ltr'><strong>recte.</strong></span> <span class='ocrx_word' id='word_1_265' title='bbox 1050 3408 1073 3438; x_wconf 84' lang='lat' dir='ltr'><strong>v.</strong></span> <span class='ocrx_word' id='word_1_266' title='bbox 1095 3394 1208 3439; x_wconf 81' lang='lat' dir='ltr'><strong>Huschke</strong></span> <span class='ocrx_word' id='word_1_267' title='bbox 1227 3396 1259 3438; x_wconf 75' lang='lat' dir='ltr'><strong>sd</strong></span> <span class='ocrx_word' id='word_1_268' title='bbox 1281 3394 1325 3438; x_wconf 77' lang='lat' dir='ltr'><strong>Tu.</strong></span> 
     </span>
     <span class='ocr_line' id='line_1_35' title="bbox 181 3460 1327 3519; baseline -0.003 -12"><span class='ocrx_word' id='word_1_269' title='bbox 181 3485 184 3492; x_wconf 95' lang='lat'>·</span> <span class='ocrx_word' id='word_1_270' title='bbox 215 3461 245 3517; x_wconf 90' lang='lat'><strong>2,</strong></span> <span class='ocrx_word' id='word_1_271' title='bbox 266 3460 296 3518; x_wconf 76' lang='grc'><strong>4,</strong></span> <span class='ocrx_word' id='word_1_272' title='bbox 317 3461 358 3508; x_wconf 84' lang='grc'><strong>38.</strong></span> <span class='ocrx_word' id='word_1_273' title='bbox 379 3470 403 3508; x_wconf 85' lang='lat' dir='ltr'><strong>et</strong></span> <span class='ocrx_word' id='word_1_274' title='bbox 421 3462 451 3518; x_wconf 71' lang='grc'><strong>1,</strong></span> <span class='ocrx_word' id='word_1_275' title='bbox 472 3461 502 3519; x_wconf 76' lang='grc'><strong>4,</strong></span> <span class='ocrx_word' id='word_1_276' title='bbox 528 3463 571 3509; x_wconf 88' lang='grc'><strong>25.</strong></span> <span class='ocrx_word' id='word_1_277' title='bbox 608 3463 741 3517; x_wconf 81' lang='lat' dir='ltr'><strong>„scribunt</strong></span> <span class='ocrx_word' id='word_1_278' title='bbox 760 3464 840 3506; x_wconf 79' lang='lat' dir='ltr'><strong>Latini</strong></span> <span class='ocrx_word' id='word_1_279' title='bbox 862 3464 998 3518; x_wconf 84' lang='lat' dir='ltr'><strong>promiscue</strong></span> <span class='ocrx_word' id='word_1_280' title='bbox 1025 3476 1049 3506; x_wconf 81' lang='lat' dir='ltr'><strong>r.</strong></span> <span class='ocrx_word' id='word_1_281' title='bbox 1080 3476 1102 3506; x_wconf 91' lang='lat' dir='ltr'><strong>c.</strong></span> <span class='ocrx_word' id='word_1_282' title='bbox 1133 3462 1211 3507; x_wconf 80' lang='lat' dir='ltr'><strong>turba</strong></span> <span class='ocrx_word' id='word_1_283' title='bbox 1238 3464 1293 3508; x_wconf 76' lang='lat' dir='ltr'><strong>ruit</strong></span> <span class='ocrx_word' id='word_1_284' title='bbox 1311 3467 1327 3504; x_wconf 82' lang='lat' dir='ltr'><strong>et</strong></span> 
     </span>
     <span class='ocr_line' id='line_1_36' title="bbox 213 3530 1326 3588; baseline -0.004 -12"><span class='ocrx_word' id='word_1_285' title='bbox 213 3530 287 3576; x_wconf 78' lang='lat' dir='ltr'><strong>turbo</strong></span> <span class='ocrx_word' id='word_1_286' title='bbox 298 3538 384 3577; x_wconf 80' lang='lat' dir='ltr'><strong>ruunt.</strong></span> <span class='ocrx_word' id='word_1_287' title='bbox 405 3533 458 3578; x_wconf 90' lang='lat' dir='ltr'><strong>Nou</strong></span> <span class='ocrx_word' id='word_1_288' title='bbox 471 3532 581 3577; x_wconf 85' lang='lat' dir='ltr'><strong>scribunt</strong></span> <span class='ocrx_word' id='word_1_289' title='bbox 589 3538 665 3576; x_wconf 81' lang='lat' dir='ltr'><strong>ruunt</strong></span> <span class='ocrx_word' id='word_1_290' title='bbox 674 3530 765 3585; x_wconf 79' lang='lat' dir='ltr'><strong>turba,</strong></span> <span class='ocrx_word' id='word_1_291' title='bbox 785 3534 826 3576; x_wconf 83' lang='lat' dir='ltr'><strong>sed</strong></span> <span class='ocrx_word' id='word_1_292' title='bbox 836 3533 889 3575; x_wconf 80' lang='lat' dir='ltr'><strong>ruit</strong></span> <span class='ocrx_word' id='word_1_293' title='bbox 899 3530 1000 3574; x_wconf 79' lang='lat' dir='ltr'><strong>turbo.”</strong></span> <span class='ocrx_word' id='word_1_294' title='bbox 1014 3552 1043 3562; x_wconf 95' lang='lat'>—</span> <span class='ocrx_word' id='word_1_295' title='bbox 1055 3536 1144 3586; x_wconf 79' lang='lat' dir='ltr'><strong>potunt</strong></span> <span class='ocrx_word' id='word_1_296' title='bbox 1155 3532 1248 3588; x_wconf 83' lang='lat' dir='ltr'><strong>reliqui</strong></span> <span class='ocrx_word' id='word_1_297' title='bbox 1262 3530 1326 3576; x_wconf 77' lang='lat' dir='ltr'><strong>corr.</strong></span> 
     </span>
     <span class='ocr_line' id='line_1_37' title="bbox 213 3598 1326 3659; baseline -0.004 -15"><span class='ocrx_word' id='word_1_298' title='bbox 213 3603 303 3659; x_wconf 73' lang='lat' dir='ltr'><strong>Vulgo.</strong></span> <span class='ocrx_word' id='word_1_299' title='bbox 319 3599 366 3645; x_wconf 89' lang='lat' dir='ltr'><strong>L2.</strong></span> <span class='ocrx_word' id='word_1_300' title='bbox 386 3621 422 3634; x_wconf 91' lang='lat'>-</span> <span class='ocrx_word' id='word_1_301' title='bbox 438 3599 527 3646; x_wconf 76' lang='lat' dir='ltr'><strong>Naxio</strong></span> <span class='ocrx_word' id='word_1_302' title='bbox 544 3600 617 3645; x_wconf 72' lang='lat' dir='ltr'><strong>ner-bu</strong></span> <span class='ocrx_word' id='word_1_303' title='bbox 631 3601 730 3644; x_wconf 74' lang='lat' dir='ltr'><strong>offendit</strong></span> <span class='ocrx_word' id='word_1_304' title='bbox 748 3614 804 3644; x_wconf 77' lang='lat' dir='ltr'><strong>senc</strong></span> <span class='ocrx_word' id='word_1_305' title='bbox 823 3605 878 3655; x_wconf 86' lang='lat' dir='ltr'><strong>post</strong></span> <span class='ocrx_word' id='word_1_306' title='bbox 894 3598 1004 3651; x_wconf 75' lang='lat' dir='ltr'><strong>Naxon,</strong></span> <span class='ocrx_word' id='word_1_307' title='bbox 1023 3599 1081 3643; x_wconf 89' lang='lat' dir='ltr'><strong>nihil</strong></span> <span class='ocrx_word' id='word_1_308' title='bbox 1100 3607 1181 3644; x_wconf 76' lang='lat' dir='ltr'><strong>tamnu</strong></span> <span class='ocrx_word' id='word_1_309' title='bbox 1200 3599 1326 3645; x_wconf 74' lang='lat' dir='ltr'><strong>iurantibus</strong></span> 
     </span>
     <span class='ocr_line' id='line_1_38' title="bbox 213 3664 1326 3727; baseline -0.004 -12"><span class='ocrx_word' id='word_1_310' title='bbox 213 3669 298 3724; x_wconf 77' lang='lat' dir='ltr'><strong>tibris,</strong></span> <span class='ocrx_word' id='word_1_311' title='bbox 330 3683 432 3727; x_wconf 85' lang='lat' dir='ltr'><strong>qnorum</strong></span> <span class='ocrx_word' id='word_1_312' title='bbox 457 3672 547 3726; x_wconf 75' lang='lat' dir='ltr'><strong>aliquot</strong></span> <span class='ocrx_word' id='word_1_313' title='bbox 573 3669 668 3724; x_wconf 78' lang='lat' dir='ltr'><strong>noxio,</strong></span> <span class='ocrx_word' id='word_1_314' title='bbox 700 3683 760 3713; x_wconf 86' lang='lat' dir='ltr'><strong>nnus</strong></span> <span class='ocrx_word' id='word_1_315' title='bbox 787 3670 912 3713; x_wconf 74' lang='lat' dir='ltr'><strong>maxima.</strong></span> <span class='ocrx_word' id='word_1_316' title='bbox 978 3664 1020 3712; x_wconf 89' lang='grc'><strong>30.</strong></span> <span class='ocrx_word' id='word_1_317' title='bbox 1044 3665 1219 3723; x_wconf 60' lang='lat' dir='ltr'><strong>Boccor-ico„</strong></span> <span class='ocrx_word' id='word_1_318' title='bbox 1253 3664 1326 3713; x_wconf 75' lang='lat' dir='ltr'><strong>Bacchi</strong></span> 
     </span>
     <span class='ocr_line' id='line_1_39' title="bbox 214 3730 1325 3804; baseline -0.004 -22"><span class='ocrx_word' id='word_1_319' title='bbox 214 3738 299 3793; x_wconf 78' lang='lat' dir='ltr'><strong>ipsius,</strong></span> <span class='ocrx_word' id='word_1_320' title='bbox 319 3739 359 3794; x_wconf 90' lang='lat' dir='ltr'><strong>qui</strong></span> <span class='ocrx_word' id='word_1_321' title='bbox 378 3736 524 3782; x_wconf 63' lang='lat' dir='ltr'><strong>Bassareu»</strong></span> <span class='ocrx_word' id='word_1_322' title='bbox 538 3740 660 3783; x_wconf 79' lang='lat' dir='ltr'><strong>dicebatur</strong></span> <span class='ocrx_word' id='word_1_323' title='bbox 679 3751 692 3780; x_wconf 81' lang='grc'><strong>1</strong></span> <span class='ocrx_word' id='word_1_324' title='bbox 710 3751 768 3782; x_wconf 84' lang='lat' dir='ltr'><strong>voce</strong></span> <span class='ocrx_word' id='word_1_325' title='bbox 787 3738 893 3782; x_wconf 76' lang='lat' dir='ltr'><strong>Threcia</strong></span> <span class='ocrx_word' id='word_1_326' title='bbox 910 3730 1070 3804; x_wconf 78' lang='grc' dir='ltr'><strong>βασσάρα,</strong></span> <span class='ocrx_word' id='word_1_327' title='bbox 1091 3736 1184 3791; x_wconf 80' lang='lat' dir='ltr'><strong>volpes.</strong></span> <span class='ocrx_word' id='word_1_328' title='bbox 1223 3736 1325 3785; x_wconf 74' lang='lat' dir='ltr'><strong>Ceterae,</strong></span> 
     </span>
     <span class='ocr_line' id='line_1_40' title="bbox 213 3803 1325 3863; baseline -0.005 -13"><span class='ocrx_word' id='word_1_329' title='bbox 213 3819 274 3863; x_wconf 76' lang='lat' dir='ltr'><strong>quus</strong></span> <span class='ocrx_word' id='word_1_330' title='bbox 292 3806 317 3849; x_wconf 83' lang='lat' dir='ltr'><strong>h.</strong></span> <span class='ocrx_word' id='word_1_331' title='bbox 343 3808 361 3850; x_wconf 90' lang='lat' dir='ltr'><strong>l.</strong></span> <span class='ocrx_word' id='word_1_332' title='bbox 387 3814 552 3851; x_wconf 76' lang='lat' dir='ltr'><strong>memorentur</strong></span> <span class='ocrx_word' id='word_1_333' title='bbox 575 3808 670 3851; x_wconf 76' lang='lat' dir='ltr'><strong>lunulas</strong></span> <span class='ocrx_word' id='word_1_334' title='bbox 694 3806 824 3851; x_wconf 78' lang='lat' dir='ltr'><strong>Bacchieue</strong></span> <span class='ocrx_word' id='word_1_335' title='bbox 849 3807 907 3849; x_wconf 84' lang='grc'><strong>11111</strong></span> <span class='ocrx_word' id='word_1_336' title='bbox 932 3810 988 3849; x_wconf 91' lang='lat' dir='ltr'><strong>snot</strong></span> <span class='ocrx_word' id='word_1_337' title='bbox 1011 3808 1096 3849; x_wconf 75' lang='lat' dir='ltr'><strong>notae:</strong></span> <span class='ocrx_word' id='word_1_338' title='bbox 1123 3806 1153 3847; x_wconf 80' lang='lat' dir='ltr'><strong>nd</strong></span> <span class='ocrx_word' id='word_1_339' title='bbox 1180 3818 1206 3849; x_wconf 83' lang='lat' dir='ltr'><strong>v.</strong></span> <span class='ocrx_word' id='word_1_340' title='bbox 1228 3803 1275 3850; x_wconf 89' lang='lat'><strong>21.</strong></span> <span class='ocrx_word' id='word_1_341' title='bbox 1292 3804 1325 3848; x_wconf 74' lang='lat' dir='ltr'><strong>etr.</strong></span> 
     </span>
     <span class='ocr_line' id='line_1_41' title="bbox 213 3872 1324 3932; baseline -0.005 -12"><span class='ocrx_word' id='word_1_342' title='bbox 213 3874 285 3921; x_wconf 78' lang='lat' dir='ltr'><strong>ovid.</strong></span> <span class='ocrx_word' id='word_1_343' title='bbox 300 3874 361 3919; x_wconf 79' lang='lat' dir='ltr'><strong>Mu.</strong></span> <span class='ocrx_word' id='word_1_344' title='bbox 386 3872 400 3919; x_wconf 99' lang='lat'><strong>3</strong></span> <span class='ocrx_word' id='word_1_345' title='bbox 409 3906 416 3929; x_wconf 84' lang='lat'><strong><em>,</em></strong></span> <span class='ocrx_word' id='word_1_346' title='bbox 438 3873 499 3921; x_wconf 86' lang='lat'><strong>253.</strong></span> <span class='ocrx_word' id='word_1_347' title='bbox 518 3890 540 3919; x_wconf 80' lang='lat' dir='ltr'><strong>v.</strong></span> <span class='ocrx_word' id='word_1_348' title='bbox 562 3874 605 3920; x_wconf 94' lang='lat'><strong>22.</strong></span> <span class='ocrx_word' id='word_1_349' title='bbox 623 3878 656 3920; x_wconf 89' lang='lat' dir='ltr'><strong>id.</strong></span> <span class='ocrx_word' id='word_1_350' title='bbox 671 3872 703 3930; x_wconf 75' lang='grc'><strong>1,</strong></span> <span class='ocrx_word' id='word_1_351' title='bbox 723 3872 766 3919; x_wconf 91' lang='grc'><strong>20.</strong></span> <span class='ocrx_word' id='word_1_352' title='bbox 783 3888 807 3918; x_wconf 78' lang='lat' dir='ltr'><strong>r.</strong></span> <span class='ocrx_word' id='word_1_353' title='bbox 823 3872 866 3918; x_wconf 87' lang='lat'><strong>23.</strong></span> <span class='ocrx_word' id='word_1_354' title='bbox 885 3875 913 3917; x_wconf 86' lang='lat' dir='ltr'><strong>dc</strong></span> <span class='ocrx_word' id='word_1_355' title='bbox 931 3872 1071 3932; x_wconf 66' lang='lat' dir='ltr'><strong>Lycurgo,</strong></span> <span class='ocrx_word' id='word_1_356' title='bbox 1091 3873 1205 3917; x_wconf 82' lang='lat' dir='ltr'><strong>Edonum</strong></span> <span class='ocrx_word' id='word_1_357' title='bbox 1228 3887 1290 3932; x_wconf 77' lang='lat' dir='ltr'><strong>rege</strong></span> <span class='ocrx_word' id='word_1_358' title='bbox 1304 3873 1324 3913; x_wconf 89' lang='grc'><strong>11.</strong></span> 
     </span>
     <span class='ocr_line' id='line_1_42' title="bbox 213 3937 1324 4003; baseline -0.004 -18"><span class='ocrx_word' id='word_1_359' title='bbox 213 3945 242 4003; x_wconf 87' lang='grc' dir='ltr'><strong>ζ,</strong></span> <span class='ocrx_word' id='word_1_360' title='bbox 264 3938 322 3987; x_wconf 85' lang='grc'><strong>130.</strong></span> <span class='ocrx_word' id='word_1_361' title='bbox 345 3943 433 4001; x_wconf 69' lang='lat' dir='ltr'><strong>Hygia.</strong></span> <span class='ocrx_word' id='word_1_362' title='bbox 451 3945 469 3987; x_wconf 86' lang='lat' dir='ltr'><strong>f.</strong></span> <span class='ocrx_word' id='word_1_363' title='bbox 489 3941 548 3987; x_wconf 84' lang='lat'><strong>132.</strong></span> <span class='ocrx_word' id='word_1_364' title='bbox 567 3945 596 3988; x_wconf 87' lang='lat' dir='ltr'><strong>ds</strong></span> <span class='ocrx_word' id='word_1_365' title='bbox 614 3940 721 3986; x_wconf 77' lang='lat' dir='ltr'><strong>Pentheo</strong></span> <span class='ocrx_word' id='word_1_366' title='bbox 738 3944 823 3996; x_wconf 84' lang='lat' dir='ltr'><strong>Eurip.</strong></span> <span class='ocrx_word' id='word_1_367' title='bbox 844 3942 931 3986; x_wconf 79' lang='lat' dir='ltr'><strong>Bacch.</strong></span> <span class='ocrx_word' id='word_1_368' title='bbox 949 3937 1026 3985; x_wconf 87' lang='grc'><strong>1023.</strong></span> <span class='ocrx_word' id='word_1_369' title='bbox 1053 3940 1125 3987; x_wconf 78' lang='lat' dir='ltr'><strong>ovid.</strong></span> <span class='ocrx_word' id='word_1_370' title='bbox 1143 3942 1207 3985; x_wconf 81' lang='lat' dir='ltr'><strong>Met.</strong></span> <span class='ocrx_word' id='word_1_371' title='bbox 1224 3939 1259 3994; x_wconf 88' lang='lat'><strong>3,</strong></span> <span class='ocrx_word' id='word_1_372' title='bbox 1281 3937 1324 3986; x_wconf 83' lang='grc'><strong>311.</strong></span> 
     </span>
     <span class='ocr_line' id='line_1_43' title="bbox 214 4005 1324 4070; baseline -0.004 -16"><span class='ocrx_word' id='word_1_373' title='bbox 214 4014 243 4054; x_wconf 81' lang='lat' dir='ltr'><strong>de</strong></span> <span class='ocrx_word' id='word_1_374' title='bbox 256 4011 335 4055; x_wconf 75' lang='lat' dir='ltr'><strong>nautis</strong></span> <span class='ocrx_word' id='word_1_375' title='bbox 354 4010 499 4070; x_wconf 70' lang='lat' dir='ltr'><strong>Tyrrhenis</strong></span> <span class='ocrx_word' id='word_1_376' title='bbox 514 4011 668 4054; x_wconf 78' lang='lat' dir='ltr'><strong>Homericum</strong></span> <span class='ocrx_word' id='word_1_377' title='bbox 681 4012 762 4063; x_wconf 77' lang='lat' dir='ltr'><strong>hymn.</strong></span> <span class='ocrx_word' id='word_1_378' title='bbox 774 4012 797 4055; x_wconf 91' lang='lat' dir='ltr'><strong>in</strong></span> <span class='ocrx_word' id='word_1_379' title='bbox 809 4011 897 4054; x_wconf 76' lang='lat' dir='ltr'><strong>Bacch.</strong></span> <span class='ocrx_word' id='word_1_380' title='bbox 912 4009 984 4054; x_wconf 81' lang='lat' dir='ltr'><strong>Ouid.</strong></span> <span class='ocrx_word' id='word_1_381' title='bbox 1000 4009 1061 4053; x_wconf 78' lang='lat' dir='ltr'><strong>Mu.</strong></span> <span class='ocrx_word' id='word_1_382' title='bbox 1074 4005 1104 4062; x_wconf 84' lang='lat'><strong>3,</strong></span> <span class='ocrx_word' id='word_1_383' title='bbox 1126 4006 1187 4053; x_wconf 83' lang='grc'><strong>629.</strong></span> <span class='ocrx_word' id='word_1_384' title='bbox 1208 4012 1240 4053; x_wconf 83' lang='lat' dir='ltr'><strong>de</strong></span> <span class='ocrx_word' id='word_1_385' title='bbox 1253 4007 1324 4054; x_wconf 69' lang='lat' dir='ltr'><strong>naseu</strong></span> 
     </span>
     <span class='ocr_line' id='line_1_44' title="bbox 214 4073 1323 4130; baseline -0.005 -10"><span class='ocrx_word' id='word_1_386' title='bbox 214 4078 315 4122; x_wconf 77' lang='lat' dir='ltr'><strong>adventu</strong></span> <span class='ocrx_word' id='word_1_387' title='bbox 333 4079 357 4123; x_wconf 90' lang='lat' dir='ltr'><strong>in</strong></span> <span class='ocrx_word' id='word_1_388' title='bbox 372 4078 468 4125; x_wconf 76' lang='lat' dir='ltr'><strong>Naxon</strong></span> <span class='ocrx_word' id='word_1_389' title='bbox 483 4079 573 4122; x_wconf 78' lang='lat' dir='ltr'><strong>Catuli.</strong></span> <span class='ocrx_word' id='word_1_390' title='bbox 592 4076 698 4130; x_wconf 83' lang='lat' dir='ltr'><strong>Epithul.</strong></span> <span class='ocrx_word' id='word_1_391' title='bbox 715 4079 744 4121; x_wconf 86' lang='grc' dir='ltr'><strong>Ρ.</strong></span> <span class='ocrx_word' id='word_1_392' title='bbox 765 4083 788 4122; x_wconf 82' lang='lat' dir='ltr'><strong>et</strong></span> <span class='ocrx_word' id='word_1_393' title='bbox 802 4079 877 4124; x_wconf 62' lang='lat' dir='ltr'><strong>ther.</strong></span> <span class='ocrx_word' id='word_1_394' title='bbox 896 4075 956 4122; x_wconf 87' lang='lat'><strong>252.</strong></span> <span class='ocrx_word' id='word_1_395' title='bbox 1013 4073 1057 4121; x_wconf 91' lang='lat'><strong>33.</strong></span> <span class='ocrx_word' id='word_1_396' title='bbox 1079 4074 1156 4120; x_wconf 87' lang='lat' dir='ltr'><strong>Codd.</strong></span> <span class='ocrx_word' id='word_1_397' title='bbox 1174 4091 1264 4122; x_wconf 81' lang='lat' dir='ltr'><strong>omnes</strong></span> <span class='ocrx_word' id='word_1_398' title='bbox 1281 4076 1323 4121; x_wconf 84' lang='grc'><strong>1.1.</strong></span> 
     </span>
     <span class='ocr_line' id='line_1_45' title="bbox 215 4142 1324 4203; baseline -0.004 -15"><span class='ocrx_word' id='word_1_399' title='bbox 215 4150 338 4203; x_wconf 76' lang='lat' dir='ltr'><strong>tympana</strong></span> <span class='ocrx_word' id='word_1_400' title='bbox 356 4151 380 4191; x_wconf 85' lang='lat' dir='ltr'><strong>et</strong></span> <span class='ocrx_word' id='word_1_401' title='bbox 397 4160 421 4191; x_wconf 86' lang='lat' dir='ltr'><strong>v.</strong></span> <span class='ocrx_word' id='word_1_402' title='bbox 445 4143 488 4190; x_wconf 79' lang='lat'><strong>36.</strong></span> <span class='ocrx_word' id='word_1_403' title='bbox 511 4142 637 4203; x_wconf 75' lang='lat' dir='ltr'><strong>cymbula.</strong></span> <span class='ocrx_word' id='word_1_404' title='bbox 657 4145 741 4187; x_wconf 78' lang='lat' dir='ltr'><strong>Burni.</strong></span> <span class='ocrx_word' id='word_1_405' title='bbox 760 4146 816 4189; x_wconf 85' lang='lat' dir='ltr'><strong>Sec.</strong></span> <span class='ocrx_word' id='word_1_406' title='bbox 844 4152 868 4191; x_wconf 85' lang='lat' dir='ltr'><strong>et</strong></span> <span class='ocrx_word' id='word_1_407' title='bbox 887 4146 988 4190; x_wconf 72' lang='lat' dir='ltr'><strong>Lacum.</strong></span> <span class='ocrx_word' id='word_1_408' title='bbox 1007 4145 1031 4189; x_wconf 87' lang='lat' dir='ltr'><strong>in</strong></span> <span class='ocrx_word' id='word_1_409' title='bbox 1057 4145 1103 4189; x_wconf 80' lang='lat' dir='ltr'><strong>Ed.</strong></span> <span class='ocrx_word' id='word_1_410' title='bbox 1124 4158 1163 4199; x_wconf 90' lang='lat' dir='ltr'><strong>pr.</strong></span> <span class='ocrx_word' id='word_1_411' title='bbox 1182 4151 1324 4201; x_wconf 64' lang='lat' dir='ltr'><strong>hansposu·</strong></span> 
     </span>
     <span class='ocr_line' id='line_1_46' title="bbox 214 4209 1321 4271; baseline 0 -16"><span class='ocrx_word' id='word_1_412' title='bbox 214 4217 272 4256; x_wconf 88' lang='lat' dir='ltr'><strong>runt</strong></span> <span class='ocrx_word' id='word_1_413' title='bbox 290 4218 416 4271; x_wconf 80' lang='lat' dir='ltr'><strong>utrumque</strong></span> <span class='ocrx_word' id='word_1_414' title='bbox 434 4226 488 4259; x_wconf 88' lang='lat' dir='ltr'><strong>voc.</strong></span> <span class='ocrx_word' id='word_1_415' title='bbox 504 4212 577 4256; x_wconf 85' lang='lat' dir='ltr'><strong>llscte</strong></span> <span class='ocrx_word' id='word_1_416' title='bbox 595 4211 707 4255; x_wconf 73' lang='lat' dir='ltr'><strong>refutavit</strong></span> <span class='ocrx_word' id='word_1_417' title='bbox 725 4212 810 4257; x_wconf 80' lang='lat' dir='ltr'><strong>lucobs</strong></span> <span class='ocrx_word' id='word_1_418' title='bbox 826 4211 910 4260; x_wconf 85' lang='lat' dir='ltr'><strong>Blum.</strong></span> <span class='ocrx_word' id='word_1_419' title='bbox 927 4227 951 4269; x_wconf 83' lang='lat' dir='ltr'><strong>p.</strong></span> <span class='ocrx_word' id='word_1_420' title='bbox 973 4211 1034 4260; x_wconf 82' lang='grc'><strong>219.</strong></span> <span class='ocrx_word' id='word_1_421' title='bbox 1071 4214 1124 4258; x_wconf 83' lang='lat' dir='ltr'><strong>Gir.</strong></span> <span class='ocrx_word' id='word_1_422' title='bbox 1146 4215 1221 4260; x_wconf 74' lang='lat' dir='ltr'><strong>etium</strong></span> <span class='ocrx_word' id='word_1_423' title='bbox 1241 4209 1321 4260; x_wconf 65' lang='lat' dir='ltr'><strong>want.</strong></span> 
     </span>
    </p>
   </div>
   <div class='ocr_carea' id='block_1_4' title="bbox 0 0 1380 4744">
    <p class='ocr_par' dir='ltr' id='par_1_15' title="bbox 0 0 1380 4744">
     <span class='ocr_line' id='line_1_47' title="bbox 0 0 1380 4744; baseline 0 2"><span class='ocrx_word' id='word_1_424' title='bbox 0 0 1380 4744; x_wconf 95' lang='lat' dir='ltr'><strong> </strong></span> 
     </span>
    </p>
   </div>
  </div>
 </body>
</html>
