2772 4750
35 331 107 395 Non
130 333 245 394 doinus
267 330 329 392 ulla
351 329 442 392 sores
464 328 594 404 habuit,
618 347 684 392 non
704 312 797 390 liniss-
812 327 845 392 in
865 327 978 414 agris,

95 430 163 511 Qui
185 441 314 515 regeret
335 427 434 493 certis
456 427 573 492 finibus
595 449 695 505 arva,
720 428 817 511 lapis.

35 531 130 614 lpsae
153 533 248 595 mella
270 533 386 594 dabant
409 551 549 614 quercus
570 529 892 613 ultroqueserebsnt
1099 532 1156 597 ts

96 632 205 696 Obvia
226 633 348 697 securis
370 634 471 695 ubera
492 632 585 695 lactis
607 652 700 696 oves.
925 706 927 711 ¹

34 735 109 797 Non
132 732 242 809 acies,
267 754 333 797 non
352 733 401 795 ira
419 733 505 809 tute,
521 754 596 798 non
615 732 701 799 bella
722 753 782 797 nec
803 754 913 798 ensem
939 750 942 753 ·
974 776 977 781 -

94 833 215 898 Immiti
238 855 359 907 saevus
376 836 515 897 duxerat
536 846 604 898 arte
625 833 732 901 faber.

36 937 129 1000 Nunc
150 936 234 1000 Iove
256 937 317 997 sub
336 935 468 1000 domino
490 937 604 999 caedes
631 946 663 999 et
686 936 819 1001 volnera
841 957 985 1021 semper,

95 1039 193 1099 Nunc
216 1058 320 1114 mare,
345 1057 430 1101 uisne
452 1036 510 1100 leti
530 1036 616 1100 mille
636 1049 769 1119 repente
796 1037 880 1101 viae
1087 1042 1154 1103 250

37 1141 166 1213 Parce,
187 1143 301 1221 pater!
325 1139 465 1201 timidum
488 1159 552 1202 non
574 1159 625 1202 sne
644 1138 784 1220 periuria
810 1150 954 1217 terrent,
1007 1188 1012 1196 .

95 1242 173 1304 Non
199 1239 281 1316 dicta
306 1240 336 1303 in
360 1252 489 1304 sanctos
511 1237 605 1321 impia
627 1242 729 1304 verba
751 1241 844 1305 deos.
931 1292 933 1298 ,

38 1342 130 1421 Quod
151 1342 182 1405 si
202 1342 316 1406 fatales
337 1342 399 1406 iarn
422 1363 505 1405 nune
525 1341 724 1423 exple-ninius
749 1362 870 1419 annos,
898 1366 902 1375 ¹

96 1445 166 1511 Fac,
186 1444 267 1525 lapis
289 1443 452 1525 inscriptis
477 1454 539 1506 stet
556 1464 655 1525 super
676 1463 749 1507 ossa
771 1443 880 1508 notis:

38 1546 101 1607 Hsc
125 1567 228 1607 sacer
250 1567 374 1607 aurnuns
396 1564 609 1613 consumeres
631 1565 747 1610 nsonre
770 1547 964 1624 'Pinnnnns,
1079 1590 1084 1601 ι
1112 1547 1156 1611 55

95 1647 293 1709 Messenen
315 1668 421 1726 aneni
443 1668 516 1708 nnnc
537 1666 761 1721 snpmrrnpue
783 1667 882 1710 arans.
920 1714 925 1721 ,

21 1749 97 1821 ¹Sed
120 1768 188 1824 sue,
213 1750 301 1830 qnod
322 1747 423 1810 facilis
447 1758 559 1810 tenero
580 1769 650 1811 siun
672 1768 800 1830 semper
821 1748 962 1823 Amori,
1002 1781 1005 1785 ·

96 1849 172 1930 Ipsa
195 1851 309 1912 Venus
332 1869 463 1930 campos
485 1850 587 1912 ducet
601 1851 641 1911 ad
662 1847 808 1928 Elysios.
872 1900 874 1905 .

39 1950 101 2012 Hic
122 1952 263 2014 choreae
286 1962 460 2034 cantinque
482 1949 595 2033 vigent
616 1950 797 2032 passimque
820 1959 976 2033 vagantes

96 2052 202 2116 Dulce
223 2060 340 2115 sonant
360 2051 447 2114 tenni
469 2062 598 2134 gutture
620 2072 747 2115 carmen
769 2072 858 2115 aves.
902 2074 913 2105 ν
1092 2054 1154 2115 to

40 2153 113 2216 Fert
135 2152 252 2216 casiam
274 2174 340 2217 non
361 2152 444 2215 culta
467 2172 560 2237 seges
584 2158 735 2237 totosque
756 2174 815 2235 per
836 2173 936 2236 agros

28 2335 34 2337 λ
98 2255 215 2319 Floret
238 2253 380 2319 odoratis
403 2266 489 2317 terra
511 2252 650 2338 benigna
671 2252 776 2330 rosis,

41 2357 89 2418 Ac
109 2357 260 2420 iuvenum
284 2356 383 2420 series
403 2354 521 2419 teneris
544 2354 687 2417 immixta
708 2356 823 2437 puellis

95 2458 199 2521 Ludit
220 2469 252 2520 et
273 2457 397 2535 assidue
419 2457 542 2539 proelia
566 2453 679 2521 miscet
705 2458 826 2522 Amor.

38 2557 106 2621 lllic
127 2571 197 2634 est,
220 2559 397 2643 cuicunque
419 2579 520 2641 rapax
543 2579 631 2624 mors
658 2548 752 2623 v‘enir
765 2559 899 2639 amanti,
1109 2565 1150 2626 (ab

95 2663 140 2729 Et
164 2661 250 2746 gerit
273 2660 389 2745 insigni
411 2671 531 2740 myrtea
553 2672 638 2725 serta
660 2683 764 2725 coma.
1012 2656 1024 2663 ”
1151 2674 1155 2681 ’

38 2764 80 2825 At
100 2765 257 2827 scelerata
279 2763 360 2825 iacet
381 2766 471 2825 sedes
493 2762 526 2826 in
548 2773 644 2826 nocte
662 2764 824 2844 profunda

47 2874 51 2877 '
94 2865 241 2940 Abdita,
265 2887 359 2950 quain
383 2863 503 2927 circuni
523 2863 652 2927 flumina
672 2865 764 2949 nigra
784 2877 912 2945 sonant.

39 2965 279 3053 Tisiphoneque
300 2966 431 3048 impexa
450 2965 543 3029 seros
562 2986 625 3048 pro
648 2965 790 3029 crinibus
811 2987 932 3052 angues

98 3067 210 3132 Saevit
233 3080 264 3131 et
285 3069 348 3131 huc
369 3067 443 3130 illuc
468 3067 564 3150 impia
587 3070 681 3131 turba
702 3067 798 3151 fugit.

38 3171 115 3233 'sum
138 3170 234 3254 niger
255 3170 287 3233 in
309 3182 403 3252 porta
431 3156 612 3253 serpentum
635 3168 799 3233 Cerberus
823 3189 882 3233 ore
954 3251 957 3260 1

95 3272 219 3371 Stpidet
241 3283 273 3334 et
295 3282 418 3353 aeratas
439 3273 577 3335 excubat
598 3282 670 3334 ante
688 3270 791 3334 iores.

38 3453 141 3500 Biselli.
161 3455 194 3501 V.
234 3451 277 3500 dl.
296 3453 327 3498 As
339 3454 407 3512 lapis
420 3457 462 3501 V..
485 3455 522 3501 lb.
537 3454 692 3511 inscription
709 3454 768 3498 Cdd.
784 3459 844 3510 eptt.
855 3455 955 3505 beelim.
968 3472 1001 3488 —
1013 3454 1157 3511 inscriptus

36 3522 91 3567 Cdd.
110 3525 172 3580 aliq.
191 3525 223 3567 V.
251 3524 280 3567 tt.
308 3545 338 3555 -
363 3522 405 3568 liis
426 3525 539 3581 scriptus
565 3526 595 3569 ds
618 3524 722 3568 Fraterii
754 3524 819 3568 enni.
843 3525 933 3582 Vulgo.
971 3523 998 3567 ln
1021 3523 1154 3579 inscriptis
1223 3522 1232 3540 “

36 3604 101 3636 asino
124 3594 228 3637 haerere
252 3597 340 3647 potest.
386 3592 423 3637 Ad
448 3594 557 3639 Frnterii
579 3594 642 3638 coni.
669 3592 752 3638 confer
780 3591 851 3636 Ovis.
883 3590 988 3637 Hernici.
1016 3589 1062 3645 tt,
1094 3590 1155 3637 128.
1220 3593 1223 3603 '

36 3658 182 3720 Scriptaque
205 3660 257 3706 sint
282 3662 356 3707 tilulo
383 3668 472 3707 nestra
495 3663 613 3720 sepulcra
637 3661 715 3706 dreni.
782 3659 824 3706 57.
843 3661 886 3720 qui
903 3660 982 3706 Codd.
1001 3662 1101 3718 aliquot.
1119 3685 1156 3697 Ἰ-

35 3730 75 3785 qui
91 3754 102 3767 ·
118 3731 175 3775 sim
190 3731 224 3775 V.
277 3728 319 3775 58.
339 3730 373 3775 ad
389 3729 508 3790 Elysios]
525 3729 634 3775 firmatur
652 3745 666 3774 n
680 3730 743 3775 ctd.
761 3730 876 3784 Lscbnu,
896 3731 937 3787 qni
957 3731 1081 3775 cumsliis
1093 3730 1162 3775 Csld..

34 3798 58 3840 in
75 3799 199 3853 praetulit.
237 3797 324 3843 Obstat
340 3800 443 3844 imitatio
464 3801 563 3845 Domitii
581 3801 657 3844 Marsi
677 3802 703 3844 in
727 3800 804 3858 epigr.
824 3800 848 3843 iu
870 3799 1009 3847 Tibullum:
1029 3820 1063 3837 -ο
1081 3797 1156 3844 Mors

36 3866 145 3912 invenem
163 3879 266 3924 compes
283 3868 354 3913 misit
368 3868 404 3914 ad
414 3868 529 3928 Elysios.
586 3867 627 3913 ⁶1.
645 3882 692 3926 per
710 3881 792 3912 annes
810 3869 919 3914 Sentenii
934 3882 1001 3922 susp.
1058 3865 1100 3912 ⁶3.
1119 3865 1161 3912 Ac

35 3947 84 3979 curn
104 3936 168 3981 Csd.
188 3936 246 3993 aliq.
275 3942 299 3981 et
327 3939 428 3983 vossio.
465 3938 519 3984 Cir.
538 3940 568 3988 ad
585 3938 690 3982 lerinam
711 3939 829 3982 orstlonis
848 3951 873 3982 v.
891 3935 935 3983 87.
951 3956 987 3977 .-
1005 3934 1060 3980 Hac
1083 3936 1156 3979 solitn

35 4007 169 4061 corruptela
185 4005 249 4058 Alii,
268 4007 329 4051 unde
352 4007 422 4062 itali,
448 4010 546 4066 Vulgo:
567 4031 600 4041 -
623 4003 683 4051 Hic.
719 4006 766 4052 Atti
782 4007 845 4064 freq.
867 4007 1008 4050 confusione
1025 4003 1073 4059 Au
1092 4004 1155 4058 qnod

36 4076 119 4130 recepit
140 4073 259 4127 Lacum„
279 4075 313 4120 ita
335 4080 360 4120 nt
376 4074 419 4120 liat
436 4076 651 4132 oppositiealiqna
669 4077 737 4120 later
754 4088 868 4119 amoenos
887 4075 943 4119 illos
955 4084 1028 4130 agros
1044 4075 1068 4113 et
1090 4070 1156 4112 inre·

34 4146 104 4197 uum,
121 4143 166 4200 qni
179 4156 221 4188 eos
239 4144 419 4199 petransierunt,
441 4146 521 4191 indos.
565 4147 656 4189 Verum
674 4145 742 4197 hoc,
759 4144 805 4188 etsi
823 4143 975 4197 speciosam,
993 4137 1094 4191 probari
1115 4150 1157 4180 ne·

37 4211 83 4265 quit
100 4216 200 4267 propter
222 4213 293 4271 longe,
314 4214 433 4261 iuniorem
451 4213 629 4268 oppositionem
648 4225 715 4256 vrrs.
735 4208 779 4255 67.
800 4209 852 4263 (rbi
873 4209 914 4252 alit
932 4208 991 4248 item
1010 4202 1076 4255 Ae),
1095 4213 1158 4258 quse
