2762 4760
234 207 275 271 78

233 363 475 430 concelebrare
496 354 643 422 homiues
662 363 795 439 possent
817 353 985 440 aureisque
1005 353 1132 419 iuvare.
1280 355 1358 420 1380

230 467 275 531 Et
298 461 445 547 Zephyri
467 481 547 525 cava
569 479 630 544 per
649 457 845 521 calamorum
866 456 961 521 sibila
979 456 1116 539 primum

229 565 400 652 Agresteis
428 567 568 630 docuere
589 581 685 625 cavas
707 558 820 637 inflare
844 559 979 623 cicutas.

228 670 309 733 Inde
331 665 506 730 minutatim
528 661 650 727 dulceis
674 660 817 726 didicere
837 661 1001 747 querelas,

231 770 327 834 Tibia
348 789 427 854 quas
449 765 555 830 fundit
577 763 689 848 digitis
711 763 835 847 pulsata
859 775 1041 841 canentum,

229 870 316 936 Avia
340 892 398 952 per
420 889 552 934 nemora
574 889 612 931 ae
634 865 731 929 silvas
752 865 913 950 saltusque
933 876 1079 947 reperta,
1275 866 1355 928 1385

229 974 296 1037 Per
314 972 388 1036 loca
410 982 576 1054 pastorum
599 971 724 1031 deserta
746 978 841 1052 atque
864 965 930 1031 otia
953 966 1018 1030 dia.

298 1074 352 1138 Sic
374 1094 470 1135 unum
491 1069 650 1157 quidquid
671 1068 836 1153 paullatim
858 1068 1024 1151 protrahit
1045 1081 1131 1134 aetas

229 1177 269 1241 In
297 1174 432 1239 medium
455 1173 605 1258 ratioque
627 1170 660 1235 in
683 1169 810 1234 luminis
832 1170 916 1234 eruit
938 1191 1026 1234 oras.

293 1281 386 1343 Haec
408 1275 530 1339 animos
553 1272 628 1339 ollis
649 1272 832 1336 mulcebant
853 1283 948 1358 atque
963 1271 1121 1336 iuvabant

234 1380 316 1446 Cum
340 1377 450 1443 satiate
473 1375 557 1442 eibi:
583 1396 653 1439 nam
675 1387 742 1438 tum
764 1384 836 1438 suut
859 1373 966 1439 omnia
990 1374 1097 1439 cordi.
1275 1378 1357 1441 1390

294 1485 398 1564 Saepe
419 1479 528 1565 itaque
549 1477 633 1542 iuter
654 1499 688 1541 ee
711 1475 886 1559 prostratei
911 1475 944 1539 iu
967 1476 1109 1560 gramine
1133 1476 1228 1542 molli

232 1586 377 1666 Propter
398 1602 498 1668 aquae
520 1580 644 1655 rivum,
667 1581 726 1642 sub
748 1577 847 1642 ramis
871 1577 1000 1644 arboris
1022 1579 1120 1656 altae,

231 1688 308 1750 Nou
332 1683 455 1769 magnis
477 1680 594 1765 opibus
615 1680 754 1746 iocunde
776 1701 921 1762 corpora
942 1681 1124 1745 habebant:

230 1785 444 1861 Praesertim,
467 1805 566 1870 quom
588 1793 760 1865 tempestas
781 1781 908 1846 ridebat
930 1793 961 1846 et
982 1781 1058 1845 anni

229 1892 396 1970 Tempora
414 1885 591 1971 pingebant
613 1883 799 1949 viridanteis
820 1880 957 1949 floribus
978 1886 1109 1948 herbas.
1274 1888 1358 1952 1395

233 1994 316 2054 Tum
339 1987 432 2065 ioca,
453 1998 519 2051 tum
541 2006 668 2063 sermo,
690 1998 757 2049 tum
780 1985 889 2050 dulces
911 2008 980 2050 esse
1003 1986 1171 2051 cachinuei

231 2091 456 2157 Consuerautt
482 2088 618 2174 agrestis
641 2088 725 2153 enim
746 2100 813 2151 tum
836 2109 924 2151 musa
946 2087 1095 2172 vigebat.

231 2197 316 2257 Tum
339 2202 435 2275 caput
456 2203 551 2276 atque
573 2193 725 2256 humeros
746 2189 853 2273 plexis
874 2189 1025 2255 redimire
1048 2190 1201 2268 coronis,

228 2293 385 2360 Floribus
409 2303 440 2357 et
461 2292 553 2358 soliis
574 2292 708 2356 lascivia
729 2292 812 2356 laeta
834 2295 985 2356 monebat

228 2399 339 2481 Atque
361 2405 454 2459 extra
476 2416 638 2457 numerum
662 2396 859 2478 procedere,
884 2397 1026 2458 urembra
1048 2394 1229 2461 moventeis
1279 2399 1363 2462 1100

228 2497 381 2573 Duriter,
404 2507 435 2560 et
453 2500 535 2560 duro
558 2506 678 2560 terram
698 2499 780 2578 pede
800 2497 921 2578 pellere
944 2510 1095 2562 matrem:

231 2601 324 2664 Unde
348 2597 536 2663 oriebantur
558 2596 641 2661 risus
665 2599 837 2686 dulcesque
858 2582 1023 2675 cachinni3

229 2699 345 2765 Omnia
367 2703 456 2785 quod
477 2720 563 2764 nova
584 2711 650 2762 tum
672 2700 774 2785 magis
795 2702 875 2765 baec
892 2714 925 2767 et
946 2703 1026 2767 mira
1047 2703 1216 2789 vigebant.

227 2803 273 2866 Et
295 2800 503 2887 vigilantibus
524 2799 599 2865 binc
619 2804 752 2866 aderant
773 2803 888 2867 solatia
911 2826 1046 2884 somno,
1377 2848 1378 2867 t

228 2904 357 2968 Ducere
376 2902 570 2968 multimodis
592 2925 691 2968 voces
714 2914 746 2968 et
765 2905 896 2970 flectere
923 2919 1033 2972 cantus
1276 2916 1378 2987 11010

227 3008 273 3071 Et
290 3026 406 3089 supera
429 3004 569 3070 calamos
591 3026 676 3069 unco
695 3027 889 3088 percurrere
911 3008 1025 3074 labro:

229 3111 323 3175 Unde
346 3106 440 3172 etiam
462 3106 578 3192 vigiles
597 3129 680 3171 nuuc
702 3110 783 3172 baec
802 3120 936 3193 accepta
952 3122 1080 3176 tuentur
1377 3108 1378 3193 0

226 3213 271 3276 Et
291 3209 431 3274 numeris
453 3230 584 3274 servare
607 3220 707 3294 genus
724 3209 884 3288 didicere3
908 3234 1010 3299 neque
1033 3216 1100 3280 hilo

281 3425 358 3474 1380.
377 3429 479 3472 Plautus
492 3425 575 3470 Casin.
584 3423 616 3481 4,
631 3424 660 3481 3,
677 3427 700 3472 1.
718 3427 788 3489 Age,
801 3429 908 3486 tibicen,
920 3434 995 3478 aucei
1003 3441 1079 3481 contu
1091 3438 1247 3483 concelebra
1259 3453 1360 3487 ornnem

226 3497 292 3545 tane
306 3499 419 3555 pluteum
436 3493 586 3556 tyanensem
625 3494 701 3541 1388.
721 3499 801 3557 erigit
816 3501 876 3546 Cod.
889 3509 1038 3557 unus,utv.
1053 3502 1128 3551 1151.
1169 3505 1250 3554 1³9⁰.
1269 3514 1360 3557 omniu

226 3569 302 3614 Codri.
314 3567 375 3613 lidd.
387 3571 445 3614 vett.
459 3564 488 3612 L.
501 3564 593 3609 Eiehst.
613 3589 647 3599 —
664 3566 717 3611 otiu
732 3566 793 3612 Cod.
808 3582 878 3615 uuus.
891 3571 951 3615 Feb.
963 3574 1026 3618 coni.
1040 3575 1070 3618 fl.
1084 3576 1127 3619 W.
1148 3578 1245 3622 Verum
1258 3588 1361 3628 senten.

225 3640 260 3683 tia
282 3639 342 3682 baec
365 3641 416 3682 eet:
454 3639 525 3690 „tum
557 3636 652 3680 demum
683 3636 760 3682 libore
787 3651 832 3683 nos
859 3641 1003 3686 delectamus
1029 3645 1147 3702 genioque
1175 3648 1362 3708 indulgemus?

228 3704 305 3754 1404.
325 3706 407 3752 comni
426 3704 456 3749 L.
473 3704 504 3749 11.
531 3703 638 3760 Utnos,
656 3706 729 3750 etiam
742 3705 772 3752 C.
788 3708 819 3753 11.
876 3706 953 3756 1101.
973 3725 1052 3756 rauco
1066 3715 1136 3760 nrix.
1154 3715 1236 3762 Codri.
1250 3719 1309 3764 Pii.
1332 3743 1361 3754 -

226 3776 275 3824 udo
289 3777 369 3823 Bentl.
409 3770 485 3820 1101.
504 3774 591 3829 „Unde
610 3776 684 3820 etiam
700 3790 763 3821 nune
780 3776 910 3833 excrrbiee,
930 3783 1056 3836 custodes,
1076 3785 1118 3841 qui
1136 3799 1251 3831 somnum
1269 3804 1362 3835 arcere

225 3848 322 3901 volunt,
342 3849 438 3890 cantare
456 3843 561 3888 solent.”
585 3844 638 3891 Gir.
656 3844 769 3898 nereum
788 3847 928 3906 Agamemu.
945 3847 986 3895 11.
1006 3843 1081 3901 ὅταν
1097 3850 1121 3901 0·
1135 3834 1249 3905 αἐἱδὲιν
1265 3852 1296 3923 ἤ
1313 3874 1362 3923 pu.

224 3910 480 3988 adprobatione,
512 3904 607 3964 ὕπνου
624 3911 685 3964 τόδ’
702 3909 887 3980 ἀντίμολπον
903 3914 1051 3983 ἐντέμνων
1068 3913 1144 3985 ἄκος
1160 3938 1188 3974 κ.
1200 3938 1230 3975 τ.
1251 3924 1283 3976 λ.
1307 3931 1362 3973 Aei-

226 3988 305 4043 etopb.
320 3984 383 4030 liuh.
405 3979 464 4030 720.
484 3979 620 4062 φρουρᾶς
637 3975 729 4053 ᾅδων.
784 3984 861 4033 1108.
879 3989 994 4034 numeria
1005 3990 1067 4036 Edi.
1086 3998 1143 4038 vett.
1166 4015 1196 4027 ·-
1217 3996 1362 4044 norme-em

225 4057 256 4103 Α.
270 4056 300 4102 L.
311 4057 342 4101 11,
371 4052 467 4112 [Sitque
486 4058 559 4099 etrum
574 4053 645 4099 (1.11.
666 4053 748 4098 Nihilo
763 4056 841 4100 miuus
857 4059 933 4102 altere
949 4060 1019 4105 lectio
1038 4075 1202 4114 ‚‚coueerrare
1223 4079 1307 4112 suum
1325 4083 1364 4128 ge.

226 4140 269 4173 uua
288 4126 389 4185 siugulis
406 4122 537 4168 numeris’'
560 4124 639 4178 aptior
657 4121 772 4182 videtum]
828 4123 903 4173 1109.
924 4128 963 4172 Sic
985 4130 1058 4175 etiam
1076 4131 1106 4177 E.
1137 4131 1198 4178 Est:
1226 4124 1377 4191 „fructumi

225 4198 317 4241 maiore
329 4194 453 4239 dulcedine
465 4192 626 4248 praeditum.”
645 4215 678 4227 —-
696 4193 818 4238 maiorem
830 4219 840 4231 -
854 4221 864 4233 ·
876 4195 1007 4242 dulcedine
1018 4199 1045 4246 C.
1060 4221 1097 4235 ·-
1109 4202 1235 4249 maiorem
1249 4231 1260 4244 .
1276 4232 1292 4245 ..
1309 4208 1366 4254 dur.

226 4263 316 4311 rediui'
333 4264 363 4309 L.
383 4263 414 4310 11.
472 4257 548 4306 1113.
578 4260 709 4310 Consti-uer
736 4263 930 4326 „Posteriorque
957 4267 1009 4314 fere
1033 4272 1122 4316 ruelior
1145 4287 1185 4319 res
1210 4278 1307 4331 perdit
1327 4280 1376 4327 itta,
