2750 4744
110 348 154 409 In
176 349 255 411 vada
276 347 443 429 pampinea
466 338 633 409 desiluisse
654 358 743 423 rate,

45 449 93 511 Et
115 447 176 512 tibi
196 469 256 531 per
278 448 411 511 mediam
433 449 513 510 bene
536 447 654 511 olentia
674 447 802 512 flumina
825 449 969 523 Naxon,

111 550 207 613 Unde
229 561 315 612 tuum
338 558 433 630 potat
454 547 560 610 Naxia
581 550 676 611 turba
700 570 830 615 merum.

47 649 194 714 Candida
216 650 330 713 laxatis
353 660 489 712 onerato
511 650 594 712 colla
617 649 781 729 corymbis

113 751 235 835 Cinget
256 750 443 815 Bassaricas
465 751 568 829 Lydia
591 749 681 813 mitra
703 771 824 816 comas.

45 851 153 916 Levis
175 854 311 916 odorato
334 851 447 915 cervix
469 852 608 914 manabit
630 849 720 915 olivo

113 955 159 1016 Et
179 953 277 1016 feries
299 955 402 1017 nudos
426 965 515 1016 veste
536 953 653 1016 fluente
675 956 789 1035 pedes.

45 1055 170 1119 Mollia
192 1054 350 1118 Dircaeae
371 1056 541 1135 pulsabunt
561 1066 711 1136 tympana
735 1057 886 1132 Thebae,

115 1156 315 1238 capripedes
338 1158 459 1220 calamo
483 1158 589 1220 Panes
611 1156 717 1220 hiante
740 1169 872 1233 canent,

44 1258 186 1321 Vertice
208 1256 372 1341 turrigero
394 1258 482 1323 iuxta
505 1260 562 1320 dea
584 1276 699 1340 magna
722 1256 857 1336 Cybebe

114 1361 243 1421 Tundet
265 1362 306 1421 ad
327 1359 444 1421 Idaeos
466 1358 611 1438 cymbala
634 1379 730 1423 rauca
753 1360 884 1426 choros.

12 1450 14 1459 ’
43 1469 136 1525 Ante
158 1461 249 1523 fores
270 1459 380 1541 templi
401 1472 544 1523 craterae
569 1458 718 1522 antistitis
738 1480 820 1523 auro

109 1560 265 1624 Libatum
288 1562 420 1624 fundent
442 1561 473 1624 in
497 1573 548 1623 tua
572 1582 664 1623 sacra
687 1582 821 1625 merium.

44 1665 143 1727 Haec
164 1684 227 1746 ego
250 1684 313 1725 non
337 1662 446 1725 humili
466 1663 605 1726 referam
630 1666 831 1727 memoranda
854 1666 1034 1741 cothurno,

114 1763 225 1844 Qualis
249 1763 424 1828 Pindarico
447 1764 577 1845 spiritus
601 1784 659 1827 ore
681 1775 784 1828 tonat.
1128 1767 1169 1826 10

45 1867 80 1927 T
84 1887 105 1927 u
127 1868 223 1929 modo
246 1864 380 1928 servitio
404 1886 536 1928 vacuum
558 1886 608 1928 me
630 1865 706 1929 siste
728 1869 871 1948 superbo
974 1850 981 1862 ’

116 1967 227 2048 Atque
249 1967 313 2029 hoe
333 1966 503 2029 sollicitum
526 1966 618 2029 vinee
639 1987 761 2048 sopore
783 1979 893 2050 caput.

219 2152 297 2215 Lre.
321 2151 402 2215 ΙΙΙ.
424 2151 604 2234 ELEGIA
625 2152 747 2215 XXII.
771 2152 850 2231 (lv.
873 2152 1009 2230 xxtt.)

51 2269 190 2354 Frigida
211 2280 275 2332 tam
298 2272 417 2335 multos
438 2269 559 2352 placuit
580 2270 638 2334 tibi
661 2270 801 2350 Cyzicus
823 2292 943 2346 annos,

113 2372 229 2446 Tulle,
253 2370 475 2454 Propontiaca
498 2392 560 2456 qua
581 2371 652 2434 fluit
673 2373 816 2437 Isthmos
838 2393 939 2456 aqua;

41 2473 230 2553 Dindymus
251 2484 284 2535 et
304 2493 415 2536 sacrae
435 2473 591 2536 fabricata
613 2473 745 2537 iuvenca
769 2474 923 2555 Cybebae

111 2573 333 2657 Raptorisque
354 2573 427 2637 tulit
448 2596 512 2660 qua
534 2574 584 2637 via
606 2574 689 2640 Ditis
714 2597 829 2661 equos.

42 2797 74 2840 ad
96 2794 200 2839 Imcrel.
221 2791 253 2847 2,
275 2790 335 2838 618.
377 2793 412 2839 Ad
432 2794 492 2839 Cdd.
514 2798 623 2841 ordinem
641 2797 736 2842 rediere
755 2796 804 2841 lae.
824 2792 871 2840 Le.
926 2793 967 2840 36.
988 2794 1087 2840 Tundet
1104 2796 1170 2840 Scal.

42 2866 109 2909 coni.
131 2863 232 2907 retinuit
248 2860 295 2906 Le.
316 2881 348 2895 -·
366 2863 416 2907 lac.
436 2858 568 2910 cuin'cdu.
581 2861 685 2923 suadet.
741 2861 783 2911 37.
809 2869 925 2908 craterae
943 2865 998 2908 dedi
1014 2877 1043 2907 ex
1061 2864 1123 2909 Cod.
1146 2863 1170 2907 1.

40 2935 123 2989 (alius
142 2929 265 2988 cratere.)
283 2931 371 2988 reliqui
386 2938 410 2976 et
427 2933 499 2989 vulgo
517 2939 617 2990 erotem
630 2931 743 2992 fundent
754 2935 782 2978 de
798 2934 861 2978 coni.
875 2929 1049 2992 profundens.
1063 2956 1097 2967 —
1110 2930 1171 2976 Cre·

40 3008 82 3046 ter
95 3027 107 3038 -
128 3026 138 3037 ·
147 2997 243 3060 fundet
259 3000 356 3045 volebat
372 3001 477 3058 Burm.;
497 3005 539 3046 aed
557 3002 700 3058 Propertius
718 3003 742 3045 in
761 3003 804 3047 bae
823 3001 964 3057 pentametri
981 3001 1037 3045 sede
1055 3014 1172 3058 nusquam

39 3071 161 3126 producit
184 3068 301 3124 syllabam
319 3070 438 3123 brevem,
467 3071 514 3114 uisi
531 3071 555 3114 in
572 3085 644 3116 uersu
660 3072 763 3114 fortasse
783 3071 866 3127 spurio
883 3067 917 3124 2,
945 3067 988 3113 21.
1008 3067 1044 3123 (3,
1066 3066 1108 3112 1⁶.
1127 3065 1171 3125 L.)

41 3138 67 3187 lt.
111 3139 196 3182 Meam
216 3138 336 3182 rationem
357 3138 490 3192 probarunt
512 3139 596 3183 lacobs
624 3145 647 3184 et
665 3139 746 3183 Iacob.
766 3139 858 3182 Contra
876 3135 923 3182 La.
943 3140 1028 3181 cretea·
1047 3137 1171 3181 antistitis

40 3232 51 3244 -
71 3233 84 3243 ·
95 3202 233 3266 fiandans,
262 3220 307 3263 qua
332 3209 527 3262 construetione,
559 3209 619 3251 hand
649 3209 708 3251 satis
736 3208 854 3265 intelligo.
890 3206 1005 3251 Fortasse
1025 3206 1171 3264 cogitatione

40 3277 209 3332 supplendum
226 3280 294 3320 ratus
314 3280 367 3320 est:
388 3265 508 3329 „lundens
527 3277 599 3321 erit.”

328 3390 384 3436 Lae.
404 3392 450 3439 ΙΙΙ.
487 3391 584 3437 ELEG.
603 3391 688 3435 xxti.
708 3390 762 3446 (tv.
782 3389 879 3444 uu.)

118 3477 144 3523 1.
166 3473 274 3537 Cyzicus
297 3477 356 3522 urbs
380 3478 474 3533 Mysiae
497 3479 599 3522 minoris
617 3480 646 3522 ad
664 3478 836 3531 Propontidem
861 3477 885 3519 in
904 3476 983 3520 insula
1002 3476 1093 3521 derebus
1113 3491 1171 3531 pon-

38 3549 113 3593 tibus
144 3548 275 3591 eontiueuti
299 3548 387 3591 iuncta.
460 3544 484 3591 3.
516 3543 675 3610 Δίνδυμος,
705 3538 777 3616 ὅρος
806 3543 951 3606 Κυζίκου,
979 3539 1061 3613 ἱερὸν
1088 3539 1172 3606 Ῥέας

36 3616 132 3663 Sebol.
163 3617 272 3670 apollon.
301 3615 330 3670 1,
352 3613 413 3661 985.
433 3640 466 3649 -
486 3615 562 3661 Codd.
581 3629 664 3659 oannes
683 3616 784 3661 habent:
813 3627 891 3657 socru
907 3610 1042 3671 febriente
1061 3614 1169 3659 incente.
1258 3649 1261 3655 .

34 3689 123 3732 Voss.
149 3685 179 3727 ad
201 3684 289 3728 Catull.
318 3697 343 3739 p,
372 3683 431 3729 161.
460 3685 556 3743 egregie
572 3685 706 3728 emendavit
726 3696 818 3728 acerne
837 3680 969 3741 febriente
993 3683 1116 3737 ineante,
1146 3689 1172 3728 ut

33 3753 194 3810 respiciatur
227 3755 401 3798 adinventam
425 3767 605 3808 marmoream,
637 3754 660 3796 iu
677 3753 789 3807 Cybebae
809 3753 916 3804 sacello,
937 3753 999 3808 quod
1017 3753 1109 3797 eratin
1129 3767 1171 3797 au-

34 3830 81 3869 lro
107 3821 246 3873 Lobrinae‚
272 3823 361 3866 montis
381 3823 507 3877 Cyziceni,
531 3824 621 3879 inquo
639 3823 741 3880 Magnae
761 3821 835 3864 lllatri
854 3825 877 3865 et
892 3819 967 3864 attint
982 3819 1070 3866 fiebant
1090 3826 1170 3865 tauro·

33 3892 122 3936 belia.
180 3887 205 3934 l.
224 3891 261 3935 De
279 3891 441 3946 Proserpinae
460 3897 547 3946 raptu,
568 3904 638 3947 quem
657 3892 764 3947 plerique
782 3890 897 3934 insieilia
910 3889 998 3933 factum
1016 3903 1069 3934 esse
1086 3904 1170 3934 narra·

33 3963 119 4013 bant,
150 3959 192 4002 alii
214 3961 251 4004 vel
279 3961 303 4003 in
330 3959 424 4014 Attica,
456 3960 493 4005 vel
516 3961 539 4003 in
564 3959 637 4004 Creta
663 3960 816 4017 (Scholrad.
842 3959 901 4002 Hes.
924 3958 1017 4016 'l'beog.
1043 3954 1114 4011 913.)
1134 3959 1170 4001 vel

33 4029 109 4085 apud
132 4026 254 4072 Oceanum
270 4027 497 4087 (Orpheusllrgon.
521 4024 611 4083 1201.)
628 4029 666 4072 rel
680 4030 742 4083 apud
757 4028 847 4083 Nysam
866 4021 968 4086 (llymn.
983 4027 1007 4069 iu
1027 4026 1075 4070 Cer
1105 4024 1169 4078 tt),

33 4110 105 4143 suos
124 4101 238 4140 auctores
256 4095 280 4140 b.
301 4098 319 4140 l.
338 4103 434 4141 secutos
453 4103 490 4142 est
510 4096 670 4152 Propertius,
691 4098 731 4154 qui
752 4099 782 4141 ael
799 4095 934 4155 Cyzicum,
953 4109 966 4137 a
986 4093 1042 4137 love
1067 4094 1171 4136 Proser·

32 4169 116 4223 pinae
137 4164 186 4208 doti
206 4166 300 4218 datam,
320 4177 375 4210 eum
393 4162 531 4222 referient;
550 4167 587 4209 rel
609 4165 743 4223 signifieat,
763 4165 820 4210 illue
839 4175 939 4220 usquee
957 4160 1083 4206 Trinacria
1095 4161 1171 4205 Deam
1238 4163 1241 4168 '

32 4251 52 4279 a
73 4238 179 4293 raptore
198 4233 271 4277 latam
288 4233 373 4280 fuisse.
394 4234 440 4279 eir.
461 4235 567 4279 Greuzer
587 4233 710 4287 symbolik
729 4229 754 4285 1,
774 4245 799 4286 p.
821 4228 861 4277 79.
