2736 4748
169 150 234 221 218

170 312 266 377 Haec
286 323 387 391 opera
409 311 506 391 atque
526 298 589 364 hac
609 305 684 364 snut
702 290 857 382 generosi
876 288 1032 378 principis
1053 299 1160 369 artes,
1201 294 1234 321 ·’
1289 292 1311 327 '³

172 406 349 476 Gaudentio
369 403 468 471 foedo
488 398 662 487 peregriua
683 395 870 481 ad'pulpita
891 396 977 461 saltu
1065 394 1073 409 '
1155 413 1158 419 ’
1245 385 1310 452 221

172 508 334 578 Prostitui
355 504 538 590 Graiaeque
559 500 666 584 apium
687 498 840 563 meruisse
861 516 1018 562 coronae.
1291 497 1296 511 '

172 611 339 678 Malorum
362 606 483 691 effigies
504 604 641 667 habeant
660 598 797 685 iusignia
818 597 929 664 vocis:
997 616 1001 621 ’

173 714 262 779 Ante
282 712 380 796 pedes
400 704 527 775 Domiti
547 704 680 788 longum
701 711 737 766 tu
758 720 846 785 pone
868 700 1033 780 Thyestae

175 815 292 896 Syrma
312 810 367 878 rel
386 807 572 892 Antigones
593 798 842 887 senpersonaiu
863 799 1070 883 Melanippes

175 917 221 985 Et
242 917 281 979 de
303 930 484 977 marmoreo
506 907 662 972 citharam
682 902 841 989 suspende
858 900 1009 968 'colosso

220 1015 323 1099 Quid,
347 1010 506 1089 Catilina,
528 1007 590 1073 tuis
611 1007 766 1072 natalibus
787 1014 886 1103 atque
905 1001 1044 1087 Cethegi

169 1116 324 1207 *Inveniet
346 1113 513 1200 qnisquam
534 1107 726 1177 sublimius?
747 1107 849 1174 Arma
869 1117 975 1170 umen
997 1122 1058 1168 vos

179 1220 350 1283 Nocturna
370 1225 402 1278 et
423 1215 564 1278 flamtms
586 1210 735 1276 domibus
755 1204 948 1291 templisque
969 1203 1132 1290 parastis,

179 1319 226 1386 Ut
247 1318 458 1382 Bracatorum
479 1310 574 1396 pueri
596 1306 1003 1396 Senonumque'minor'es3

180 1417 280 1494 Ausi,
305 1417 395 1501 quod
413 1415 509 1480 liceat
531 1409 637 1474 tunion
656 1407 772 1490 punire
793 1406 940 1471 molesta.

182 1520 247 1583 Sed
269 1515 380 1600 vigilat
401 1511 525 1579 Consul
548 1509 731 1594 vexillaque
751 1517 860 1572 vestra
882 1508 1025 1572 coh’rcet.
1087 1508 1091 1513 '

181 1617 250 1685 Hic
268 1634 373 1680 novus
393 1610 553 1696 Arpinas,
575 1609 729 1696 ignobilis
751 1620 784 1674 et
804 1610 902 1673 modo
923 1609 1048 1673 Romae

171 1706 394 1798 Municipalis
415 1724 513 1798 eques
536 1712 695 1796 galeatum
716 1709 810 1794 ponit
830 1708 948 1795 ubique
1025 1724 1029 1731 ·

183 1816 384 1885 Praesidium
405 1812 552 1880 attonitis
573 1824 606 1877 et
625 1811 658 1876 iu
681 1812 768 1881 omni
789 1821 885 1896 gente
906 1812 1047 1876 laborat.

185 1921 325 2005 Tantum
347 1914 447 2002 igitur
459 1928 577 1980 'muros
598 1914 684 1978 intra
704 1924 783 1998 toga
804 1911 940 1977 contulit
961 1911 1008 1975 illi

184 2018 332 2086 Nominis
354 2039 393 2083 ac
413 2016 515 2095 tituli,
538 2027 691 2100 quantum
710 2036 777 2079 uon
798 2016 969 2091 Leucade,
991 2023 1148 2097 quantum

185 2119 374 2186 Thessaliae
395 2117 515 2201 campis
538 2116 692 2182 Octavius
715 2115 847 2181 abstulit
868 2119 933 2182 udo

186 2219 349 2287 Caedibus
371 2219 503 2286 assiduis
525 2217 648 2304 gladio.
692 2217 756 2282 Sed
778 2219 883 2285 Roma
904 2226 1093 2301 parentem,

187 2322 293 2387 Roma
313 2331 437 2405 patrem
458 2320 580 2404 patriae
602 2317 794 2386 Ciceronem
815 2319 917 2387 libera
938 2317 1031 2385 dixit.

188 2421 331 2504 Arpinas
354 2421 434 2492 alius
456 2421 657 2489 Volscorum
679 2420 711 2487 in
734 2430 841 2488 monte
864 2421 990 2488 solebat

147 2562 151 2569 ·
189 2523 333 2589 Poscere
354 2525 516 2587 mercedes
537 2521 640 2586 alieno
662 2522 765 2586 lass'us
786 2532 916 2597 aratros

188 2624 358 2711 ilodosam
378 2623 554 2708 posthaec
574 2623 746 2708 frangebat
767 2616 893 2691 vertice
913 2621 1032 2704 vitem,

191 2725 227 2791 Si
247 2728 351 2794 lentus
371 2724 466 2812 pigra
487 2722 625 2792 muniret
645 2736 751 2793 castra
771 2724 924 2792 dolabras
1005 2756 1008 2763 ⁴

262 2948 322 3003 221.
340 2949 419 3009 solta]
435 2951 573 2999 nuato.
593 2975 626 2991 ι·
643 2958 720 2998 cuuto
737 2952 768 3001 (t.
804 2949 865 2998 221.
885 2951 951 2999 Nero
963 2952 1009 2997 lult
1026 2963 1056 2998 ex
1075 2950 1149 3011 gente
1163 2951 1291 3000 Doms'ts'a
1304 2960 1330 3001 st

191 3021 284 3069 familia
299 3022 510 3068 Adnobsrborum.
547 3018 607 3067 229.
624 3021 734 3067 Graecas
749 3021 841 3066 formas
860 3022 1005 3067 habentmei
1028 3032 1128 3077 ornnes,
1148 3025 1191 3068 alii
1205 3024 1328 3069 Latinasa

191 3093 286 3136 Verum
306 3094 335 3137 de
357 3091 452 3137 Graeca
472 3102 572 3145 scaeua,
592 3091 630 3135 eoi
649 3090 716 3135 Nero
738 3103 836 3145 operam
856 3091 938 3145 dedit,
958 3091 997 3136 bic
1015 3103 1096 3136 sermo
1115 3095 1160 3136 est.
1197 3093 1330 3137 Ceterum

133 3199 136 3204 .
193 3172 237 3204 sex
258 3161 320 3207 mei:
349 3165 376 3205 tu
394 3171 532 3218 personum
550 3171 595 3215 pro
613 3173 659 3204 seu
678 3173 706 3216 p.
756 3159 848 3213 Scripsi
866 3156 1025 3218 Melanippes
1046 3171 1091 3212 pro
1111 3161 1211 3219 vulgato
1228 3159 1331 3205 Mena-

174 3228 284 3285 'dippem
303 3241 327 3273 u.
355 3228 495 3282 interpreti.
521 3226 559 3282 ila
585 3228 749 3284 Melanippes,
769 3227 908 3272 Desmontis
928 3226 995 3283 lilla,
1026 3226 1150 3281 Neptunus
1177 3230 1332 3284 procrearit

192 3295 311 3341 Boeotum
334 3300 359 3340 et
375 3295 488 3341 Aeolum.
523 3293 667 3340 Desmontes
682 3295 757 3342 liliam
777 3297 913 3342 exeaecavit
931 3301 955 3341 et
969 3298 994 3343 in
1011 3296 1159 3344 munimento
1180 3299 1314 3342 conclusit
1321 3310 1331 3352 ;

193 3363 298 3410 infantes
317 3368 397 3413 sutem
416 3363 476 3408 ieris
496 3364 582 3419 proiici
601 3364 681 3420 iussit.
722 3365 767 3411 llis
785 3378 858 3422 quous
886 3378 958 3409 vacca
978 3364 1053 3410 ubera
1071 3366 1254 3420 praestitisset,
1284 3380 1331 3410 ar·

193 3432 306 3478 sueutaril
328 3445 371 3476 eos
392 3433 531 3478 educarunt.
572 3432 653 3478 adulti
670 3446 743 3490 quum
762 3438 858 3488 essent,
885 3434 978 3478 rar'ios.
996 3437 1052 3489 post
1070 3438 1167 3478 eventus
1191 3440 1328 3487 matrem,

194 3503 233 3546 cni
253 3501 376 3557 Neptunus
402 3502 527 3546 oeulornns
549 3502 629 3547 lumen
655 3503 775 3559 restituit,
811 3504 918 3548 custodia
946 3502 1088 3547 liberarunt.
1112 3514 1137 3549 v.
1165 3502 1329 3560 turgueat.

196 3568 257 3614 18⁶.
293 3570 445 3629 Tragoedias
462 3571 491 3614 de
517 3570 653 3626 Melanippa
680 3572 807 3617 exstabant
827 3571 969 3626 Euripidis,
991 3570 1078 3624 Ennii,
1110 3569 1187 3615 Accii.
1216 3584 1242 3615 v.
1263 3572 1327 3618 Cic.

194 3634 317 3692 Tusc.›3,
338 3635 362 3683 ⁹.
382 3636 455 3684 osne.
476 3635 506 3693 l,
536 3635 579 3683 31.
602 3661 632 3674 -
657 3640 732 3686 Pauci
750 3640 827 3686 Godd.
847 3645 871 3685 et
889 3640 971 3686 echos.
989 3637 1132 3696 illennlipps'
1148 3639 1166 3685 i.
1186 3652 1211 3685 e.
1237 3637 1328 3683 Mela·

195 3706 285 3765 ulppl,
309 3719 380 3763 quem
397 3708 513 3761 Tydeus,
543 3708 581 3753 eui
608 3709 680 3757 letale
705 3709 790 3754 vulnus
812 3710 940 3767 adegerat,
968 3708 1055 3752 oceidit
1084 3712 1245 3765 truncumque
1268 3709 1326 3753 eius

193 3781 268 3831 caput
285 3776 384 3825 arrosit.
411 3789 436 3821 r.
463 3777 524 3827 stat.
544 3776 622 3825 tuso.
642 3776 667 3830 8,
688 3774 748 3828 719.
786 3774 846 3827 231.
870 3774 977 3826 Brocots‘
993 3777 1086 3821 incolae
1104 3775 1198 3821 Galliae
1223 3775 1327 3820 Narbo·

196 3846 295 3905 nensis,
319 3857 379 3902 quas
396 3844 502 3890 beneola
517 3846 591 3890 eliam
609 3847 746 3894 dicebatur:
771 3846 883 3892 Senones
906 3845 1087 3905 Lugdunenses.
1147 3841 1209 3889 235.
1232 3846 1328 3890 tunice

193 3911 312 3975 molesto]
331 3915 431 3968 „Vestis
453 3927 483 3959 ex
506 3913 588 3958 charta
608 3915 741 3971 („spaetc’'
759 3914 853 3968 Grani.)
870 3915 951 3969 faeta,
970 3916 1022 3970 pice
1041 3914 1120 3968 illita,
1139 3913 1234 3970 inqua
1257 3915 1328 3972 igels

196 3997 289 4039 poenae
310 3983 398 4027 addicti
412 3984 498 4026 ardere
516 3984 622 4026 solsol.”
639 3985 721 4029 Schol.
757 3982 817 4033 239.
835 3985 907 4030 omui
925 3988 1000 4043 genle
1018 3995 1061 4036 pro
1074 3983 1202 4037 uuiseesa3
1224 3995 1328 4027 sommo

197 4051 282 4095 labore
300 4055 411 4097 cunctum
428 4049 542 4104 populum
559 4049 606 4092 llo·
626 4061 723 4098 serrare
744 4055 831 4098 studet.
868 4053 946 4097 Aliter
960 4052 1064 4108 explicat
1080 4050 1111 4095 G.
1130 4050 1161 4095 E.
1176 4050 1326 4096 Weberos:

196 4119 245 4169 ,in
263 4118 328 4160 omni
346 4120 432 4173 genle,
460 4115 524 4159 iutra
540 4118 649 4158 ebulus
669 4117 776 4177 lutiam
807 4126 903 4168 constat
926 4122 990 4171 enisu
1010 4120 1149 4164 coniuratos
1167 4121 1246 4163 etiam
1266 4119 1328 4163 has·

200 4183 288 4237 harus,
322 4195 347 4232 v.
367 4194 389 4229 e.
413 4178 573 4239 Allobroges,
604 4184 748 4245 coniungere
766 4188 812 4234 sibi
830 4190 971 4245 studuisse,
998 4201 1103 4247 quorum
1119 4188 1225 4234 consilia
1251 4189 1328 4234 irrita
