2762 4760
221 168 263 228 10

221 323 410 407 Necmiser
432 323 617 408 impendens
639 346 788 411 magnum
809 326 900 393 timet
921 330 998 392 a'e‘re
1017 349 1128 391 saxum

222 428 393 503 Tantalus,
416 436 451 490 ut
471 427 558 490 sama
578 438 642 504 est,
669 450 758 493 cassa
779 429 954 494 formidine
976 441 1129 512 torpeus3

220 532 285 595 Sed
303 528 406 614 magis
427 530 460 592 in
482 529 549 593 vita
571 529 680 594 diutim
702 542 802 596 metus
823 544 919 617 urget
937 531 1042 596 inanis
1272 532 1340 605 ‚995

219 631 396 697 Mortaleis
418 654 587 718 casumque
607 631 736 710 timent,
760 656 854 718 quem
875 633 1018 720 quoique
1040 634 1125 697 serat
1146 633 1234 698 sors.

278 736 352 798 Nec
372 733 495 815 Tityon
519 733 670 817 volucres
687 733 795 799 ineunt
813 737 999 801 Acherunte
1022 736 1197 810 iacentem

218 838 306 912 Nec,
329 839 419 922 quod
436 839 494 899 suh
516 856 633 920 magno
654 848 837 901 scrutentur
855 849 1010 920 pectore,
1032 837 1209 923 quidquam

218 939 411 1022 Perpetuam
434 949 567 1003 aetatem
589 950 724 1020 possunt
743 939 888 1022 reperire
910 940 1083 1022 prolecto,

177 1036 180 1040 ’
219 1040 402 1123 Quamlibet
423 1039 551 1104 immani
570 1039 720 1124 proiectu
743 1040 897 1123 eorporis
920 1053 1040 1117 exstet,
1262 1045 1344 1106 1000

219 1142 283 1224 Qui
305 1164 370 1208 non
393 1142 463 1208 sola
481 1163 598 1207 novem
621 1142 774 1226 dispersis
797 1142 909 1227 iugera
932 1143 1083 1208 memhris

219 1245 390 1322 obtineat,
413 1248 469 1310 sed
487 1244 544 1330 qui
567 1248 667 1308 terrai
685 1246 785 1311 totius
808 1248 941 1310 orbem:

218 1335 298 1412 Non
318 1360 423 1412 tamen
444 1358 607 1413 aeternum
628 1347 750 1431 poterit
771 1349 919 1432 perferre
940 1349 1086 1414 dolorem

218 1453 292 1516 Nec
310 1453 466 1533 praebere
490 1450 596 1514 eibum
618 1450 757 1534 proprio
779 1454 819 1515 de
842 1473 984 1534 corpore
1005 1473 1149 1535 semper:

221 1553 286 1616 Sed
307 1552 425 1633 Tityos
444 1552 539 1618 nobis
560 1551 616 1616 hic
637 1564 702 1629 est,
725 1554 758 1617 in
777 1575 889 1619 amore
911 1554 1066 1621 iacentem
1265 1557 1343 1619 1005

220 1655 323 1736 Quem
345 1655 495 1720 volucres
515 1655 656 1719 lacerant
677 1666 771 1740 atque
792 1667 883 1720 exest
903 1655 1017 1723 anxius
1037 1678 1143 1742 angor

219 1759 288 1820 Aut
311 1755 372 1820 alia
394 1756 507 1842 quavis
527 1755 675 1823 scindunt
698 1757 868 1839 turpedine
890 1779 998 1822 curae.

283 1859 440 1942 Sisyphus
461 1858 494 1922 in
516 1859 582 1923 vita
605 1880 736 1945 quoque
756 1858 853 1925 nobis
876 1871 947 1925 ante
966 1861 1082 1927 oculos
1105 1873 1171 1936 est,

221 1961 285 2043 Qui
307 1973 452 2044 peteres
475 1962 600 2045 populo
621 1962 737 2027 fasceis
757 1984 930 2049 saevasque
954 1963 1096 2027 seeureis

219 2063 352 2129 imbibit
373 2076 405 2128 et
425 2086 552 2146 semper
574 2064 679 2128 victus
700 2064 865 2151 tristisque
883 2064 1019 2130 recedit.
1263 2069 1344 2131 1010

220 2169 305 2230 Nam
329 2177 439 2251 petere
461 2165 649 2249 imperium,
672 2170 763 2252 quod
784 2165 877 2232 inane
896 2180 945 2232 est
966 2190 1026 2233 nec
1049 2172 1142 2232 datur
1164 2191 1325 2255 unquam,

219 2269 329 2354 Atque
353 2267 386 2331 in
406 2290 446 2334 eo
466 2290 591 2351 semper
614 2272 727 2333 durum
749 2273 884 2337 sufferre
906 2273 1073 2346 lahorem,

219 2373 298 2436 Hoc
321 2382 370 2435 est
390 2375 531 2434 advorso
556 2370 716 2436 nixantem
736 2376 866 2437 trudere
886 2385 995 2439 monte

220 2476 360 2550 Saxum,
385 2476 473 2557 quod
494 2484 598 2536 tamen
621 2496 639 2536 a
662 2494 784 2538 summo
807 2473 868 2537 iarn
893 2474 1020 2541 vortice
1038 2499 1165 2541 rursum

220 2574 378 2639 Volvitur
401 2586 432 2638 et
455 2574 545 2657 plani
566 2574 685 2658 raptim
708 2575 790 2658 petit
810 2598 952 2662 aequora
974 2579 1091 2662 campi.
1214 2591 1217 2595 '
1268 2582 1346 2647 1015

282 2676 408 2742 Deinde
429 2676 525 2740 animi
543 2677 702 2763 ingratam
723 2690 868 2743 naturam
892 2702 1025 2764 pascere
1047 2703 1174 2765 semper

219 2782 330 2865 Atque
349 2778 481 2861 explere
504 2779 598 2845 bonis
621 2783 718 2845 rehus
741 2781 921 2868 satiareque
940 2804 1121 2869 nunquam3

221 2882 319 2963 Quod
335 2881 461 2945 faciunt
482 2881 577 2948 nobis
596 2904 753 2950 annorum
774 2894 941 2968 tempora,
965 2885 1086 2950 circum

220 2985 327 3066 Quom
351 2987 485 3048 redeunt
501 2983 648 3070 fetusque
669 2985 777 3049 serunt
799 2986 971 3073 variosque
995 2989 1142 3071 lepores,

217 3090 291 3151 Nec
311 3099 416 3151 tamen
438 3085 606 3170 explemur
628 3086 708 3150 vitai
729 3087 890 3152 fructibus
907 3112 1062 3176 unquam:
1266 3097 1347 3161 1020

217 3272 339 3316 nimirum
358 3286 445 3331 quaec.
489 3272 529 3319 stc
553 3288 606 3325 cum
630 3275 687 3318 aliis
711 3273 771 3320 Cdd.
797 3287 864 3318 incus
892 3273 923 3319 C.
956 3280 1083 3330 praeterea
1113 3275 1191 3325 Codd.
1223 3278 1348 3327 Prisciani

217 3342 312 3386 Krehtii
328 3341 356 3395 1,
373 3340 398 3384 6.
418 3340 442 3400 §-
462 3337 504 3385 35.
524 3357 547 3398 p.
567 3340 609 3388 tt.
630 3342 682 3402 (qui
700 3350 779 3389 tamen
798 3344 871 3388 edidit
888 3342 966 3403 Atque
984 3358 1015 3388 eu
1032 3346 1155 3391 nimirum
1172 3347 1256 3392 etium
1275 3364 1348 3410 qeme-

217 3422 331 3469 cunque;
349 3423 432 3455 verum
450 3418 575 3456 correctus
587 3418 624 3459 est
636 3427 707 3458 error
719 3415 743 3458 in
755 3413 830 3467 111.)
846 3418 869 3458 et
879 3419 929 3458 tres
942 3415 1102 3471 antiquissimi
1116 3416 1271 3464 Turicenses
1284 3434 1299 3463 a
1313 3433 1347 3464 ma

217 3486 346 3537 propterca
364 3481 473 3534 inspecti.
514 3482 579 3527 Haec
597 3487 676 3529 auteur
695 3485 767 3528 lectio
786 3497 828 3527 sua
847 3495 873 3526 ae
892 3485 993 3528 veritate
1012 3485 1070 3527 satis
1089 3490 1181 3531 tuetur.
1207 3510 1245 3521 —
1271 3488 1348 3549 Atque
1379 3523 1380 3526 ,

217 3551 362 3595 catinorum
372 3550 449 3595 etiam
460 3566 619 3611 quaecunque
630 3552 661 3595 E.
676 3566 730 3596 cum
742 3552 875 3610 plerisque.
888 3552 949 3596 Edd.
965 3558 1022 3598 vett.
1036 3554 1116 3599 Prisc.
1129 3555 1255 3603 Putschii.
1274 3559 1347 3602 Wai.

217 3620 267 3678 (qul
285 3633 338 3665 cum
354 3618 503 3678 11111110,
524 3623 592 3666 luota
609 3619 715 3680 Aquis)
740 3622 816 3668 Forh.
842 3621 902 3665 scit.
929 3635 1001 3678 quum
1026 3625 1099 3668 seruet
1124 3622 1204 3682 Atque
1222 3628 1349 3672 niunirum

217 3694 357 3744 corruptum
376 3696 440 3735 esset
458 3693 481 3738 iu
499 3691 578 3751 Atque
596 3692 756 3745 animarum,
776 3704 860 3735 versus
878 3691 992 3736 fulciendi
1004 3706 1076 3736 causa
1090 3694 1245 3739 intruserunt
1264 3698 1348 3743 etiam.

132 3773 134 3776 ’
217 3761 281 3804 Satis
300 3764 380 3804 auteur
399 3765 507 3807 contorte
527 3761 667 3808 defensores
691 3761 762 3804 huius
781 3761 958 3815 depravationis
982 3762 1015 3805 ita
1033 3761 1085 3806 fere
1103 3763 1347 3817 interpretabantur.

217 3842 298 3886 „quac
318 3830 346 3873 de
365 3830 451 3875 aiiimis
469 3833 531 3888 apud
544 3831 704 3876 Acherontem
724 3831 817 3886 prodita
836 3834 905 3883 sunt,
926 3844 954 3874 ea
972 3832 1052 3875 arnoia
1071 3845 1157 3887 reapse
1175 3839 1235 3878 suat
1256 3837 1282 3880 in
1303 3837 1348 3880 vita

217 3897 370 3943 hominum.’'
427 3898 485 3947 996.
505 3914 673 3960 quemcunque
691 3900 720 3943 Ι..
739 3901 770 3943 H.
790 3900 885 3955 (contra
902 3900 931 3945 C.
948 3897 993 3956 E.)
1048 3899 1107 3946 998.
1127 3901 1194 3960 quod
1211 3903 1239 3947 h.
1257 3908 1349 3950 l.-sane

216 3974 309 4015 rectum
327 3973 406 4015 tuetur
417 3970 446 4017 C.
455 3972 508 4015 111.
518 3970 653 4026 habentque
665 3969 694 4012 L.
707 3969 736 4014 Η.
757 3992 789 4002 --
809 3966 869 4026 quid
878 3967 939 4012 Cdd.
953 3969 1040 4027 pleriq.
1056 3972 1127 4014 etiam
1140 3971 1170 4016 Ε.
1185 3973 1262 4019 Brix.
1276 3976 1348 4018 Wak.

126 4092 130 4099 ¹
216 4039 292 4085 Forb.
316 4061 344 4071 -
365 4039 409 4097 qui
425 4041 471 4088 Ar.
485 4041 516 4085 P.
528 4040 621 4094 Gryph.
661 4036 719 4088 999.
736 4043 845 4094 potsunt
862 4037 922 4081 Cdd.
937 4043 1029 4092 septem
1041 4044 1096 4084 autc
1114 4042 1221 4093 noti,et
1235 4057 1312 4088 rneus
1324 4044 1348 4087 C.

216 4109 284 4155 Bria.
297 4110 340 4155 W.
362 4130 391 4142 ·-
407 4115 515 4166 possent
526 4111 586 4153 Ver.
601 4109 666 4151 Vcn.
676 4107 721 4151 Au.
742 4130 774 4140 --
790 4111 909 4162 poterunt
920 4106 950 4153 Α.
962 4107 991 4150 L.
1003 4107 1033 4150 H.
1044 4108 1138 4154 Eichst.
1153 4114 1178 4155 et
1192 4124 1222 4154 ex
1235 4119 1350 4158 accurata

217 4179 471 4235 hlenciuicollatioue
492 4178 565 4221 etiam
584 4177 629 4220 Cd.
649 4176 680 4221 E.
726 4172 802 4220 1001.
822 4174 951 4231 dispansis
964 4177 1072 4229 'l'urucb.
1086 4178 1116 4223 L.
1130 4180 1161 4224 H.
1208 4176 1294 4227 1000.
1317 4196 1351 4227 oo.

219 4248 300 4296 lucris
318 4249 415 4295 luceant
434 4250 476 4292 W.
493 4246 558 4295 coni.
598 4241 673 4291 1001.
693 4245 754 4293 11.1.
771 4243 847 4289 Codd.
865 4241 950 4303 (otiam
964 4246 994 4292 G.
1005 4245 1047 4303 E.)
1064 4253 1087 4293 et
1102 4249 1163 4297 Edd.
1181 4253 1244 4299 vett.
1264 4265 1351 4311 magau
