2736 4748
203 188 266 252 290

263 343 318 407 Ad
340 342 436 407 vitam
460 340 618 426 antiquam
640 337 701 402 iam
723 358 923 422 revocasque
945 340 1062 414 deciis,

203 444 342 508 Movisti
364 446 515 524 superdm
538 442 705 516 iuvidiam,
728 441 951 525 indignamque
973 442 1072 503 Mors
1095 451 1163 518 est,

272 547 321 607 'l'e
344 548 459 607 dudum
482 543 645 607 exstinctis
667 546 801 605 reddere
822 563 918 622 posse
941 542 1074 603 aruinam
1291 543 1329 602 10

200 646 262 721 Et,
284 648 373 727 quod
393 647 492 728 longa
515 642 581 707 dies
609 645 772 727 paullatim
796 643 1002 721 aboleverat,
1028 644 1091 706 boc
1113 655 1144 705 te

263 746 401 809 Mortali
422 758 529 827 spreta
552 747 625 828 lege
647 765 762 826 parare
785 743 916 806 iterum.

200 850 255 911 Sic
277 849 373 909 miser
394 849 457 908 beu
479 846 581 927 prima
604 846 689 913 cadis
711 844 887 926 intercepte
910 846 1055 920 iuventa,

263 947 386 1012 Deberi
408 960 443 1012 et
464 947 570 1011 Morti
590 958 764 1029 nostraque
787 967 909 1029 nosque
932 968 1055 1009 mones.

338 1107 466 1170 CXXI·
509 1102 638 1187 Angeli
659 1102 835 1167 Potitiani.
879 1107 921 1168 ln
941 1104 1181 1167 Simouettam.

201 1232 286 1296 Dum
309 1232 442 1312 pulchra
464 1232 598 1293 effertur
620 1230 718 1315 virgo
742 1231 917 1295 Simouetta
938 1234 1113 1313 pheretro,

264 1335 405 1397 Blandus
427 1343 459 1394 et
481 1333 616 1394 exanimi
637 1333 738 1415 spirat
759 1333 789 1394 iu
813 1355 870 1394 ore
893 1335 1004 1413 lepos,

199 1437 323 1497 Nactus
346 1437 451 1499 Amor
474 1444 615 1515 tempus,
640 1455 705 1517 quo
728 1455 792 1495 nou
815 1435 875 1496 sibi
897 1437 991 1496 turba
1015 1445 1163 1510 caveret,

262 1534 344 1598 lecit
366 1537 407 1598 ab
430 1533 566 1597 occlusis
589 1535 675 1597 mille
697 1535 784 1597 faces
807 1537 923 1599 oculis.
990 1517 994 1525 ⁷

198 1635 294 1697 Mille
317 1637 438 1698 animos
461 1633 545 1716 cepit
567 1636 705 1698 virentis
727 1635 865 1720 imagine
887 1637 971 1698 risus

260 1740 312 1798 Ac
333 1736 440 1799 Morti
460 1736 631 1799 insultans:
655 1739 715 1800 Est
738 1758 827 1813 mea,
851 1736 953 1811 dixit,
979 1739 1098 1798 adhue:

196 1837 255 1900 Est
278 1858 369 1913 mea,
394 1837 490 1913 dixit,
516 1840 639 1913 adhue,
665 1841 802 1900 nondum
826 1850 924 1900 totam
948 1839 1044 1921 eripis
1066 1839 1174 1900 illam:

260 1939 320 2001 Illa
344 1939 396 2003 vel
418 1936 570 2001 exanimis
594 1938 704 2001 militat
726 1959 803 2000 ecce
826 1938 912 2001 mihi.

195 2038 288 2103 Dixit
310 2052 342 2102 et
363 2039 537 2123 ingemuit:
560 2060 664 2122 neque
687 2039 766 2100 cuim
790 2039 864 2100 satis
888 2051 962 2120 apta
984 2039 1151 2121 triumphis

257 2140 318 2202 Illa
339 2160 420 2223 puer
442 2138 521 2202 vidit
541 2150 704 2220 tempora,
728 2141 784 2201 sed
807 2138 957 2204 lacrimis.
1279 2144 1324 2202 10

333 2296 481 2359 exau.
515 2294 610 2359 rena
630 2295 761 2357 nemu.
806 2295 946 2359 rtrum
968 2298 1164 2378 naphaeos.
1196 2262 1198 2265 ’

195 2422 256 2483 Ille
278 2421 331 2482 hic
355 2433 401 2484 est
423 2423 592 2503 Raphae'l‚
617 2423 720 2485 timuit
741 2444 806 2504 quo
829 2423 950 2504 sospite
973 2426 1057 2487 vinci

255 2521 376 2584 Rerum
399 2544 511 2607 magua
535 2545 651 2607 pareus
674 2535 705 2587 et
727 2524 884 2587 moriente
907 2525 1001 2590 mori.

222 2679 385 2745 CXXIII·
422 2680 625 2764 Raymumli
646 2680 802 2744 Cuniculi
822 2681 881 2745 Ad
901 2682 1119 2747 Benedictum
1140 2638 1284 2747 Staium

477 2781 597 2844 Bembi
618 2781 787 2846 distichon
809 2784 1021 2849 laudantem.

187 2890 327 2964 „Morte
347 2888 432 2953 mori
453 2890 557 2952 tirmiit
579 2891 712 2972 pictoris
735 2891 870 2956 maxima
892 2914 998 2956 rerum

249 2990 310 3054 tu·
333 2991 497 3073 pereusz'’
520 2991 551 3054 id
572 3003 608 3055 tu
629 2993 790 3069 scribere,
815 2995 957 3068 Bembe,
981 2994 1099 3075 potes?

187 3092 226 3155 Id
247 3091 400 3173 scriptum
423 3093 551 3157 laudare
573 3105 686 3175 potes,
710 3106 745 3158 tu
768 3095 908 3157 candide·
923 3095 1012 3171 Stai,

251 3195 348 3274 Quod
370 3192 553 3276 scripsisse,
578 3193 665 3270 scio,
690 3216 755 3258 non
777 3207 879 3258 temen
901 3196 971 3277 ipse
992 3195 1098 3258 velis:

185 3293 290 3358 Cuius
309 3295 343 3357 in
365 3295 504 3359 aureolis
526 3295 652 3377 sapiens
676 3317 841 3379 veraxque
864 3297 978 3360 libellis

247 3398 342 3459 Haud
363 3417 496 3479 usquam
518 3418 631 3459 verum
655 3398 752 3460 Musa
775 3398 1056 3482 supergreditur?⁴

185 3493 247 3560 Cui
268 3497 345 3561 nihil
367 3496 391 3561 it
412 3497 491 3561 fines
514 3498 595 3561 ultra
619 3520 677 3561 uec
700 3499 854 3562 maximus
878 3500 968 3563 orbis

246 3598 374 3661 Iactura
396 3598 489 3662 unius
511 3599 635 3662 corruit
657 3599 689 3662 in
712 3599 849 3682 capitis?

181 3754 345 3820 CXXIV·
384 3754 564 3821 Eiusdem.
595 3756 738 3822 Mariae
759 3756 946 3825 Pizzetliee
963 3756 1112 3847 ,Mqffel'i
1132 3762 1320 3844 Meropen

542 3884 546 3889 ⁸
592 3859 672 3922 miri
691 3882 741 3952 tce
763 3858 896 3942 agenti·

180 3966 278 4045 Quod
300 3976 395 4046 caput
415 3986 485 4028 esse
508 3967 585 4029 artis
608 3969 733 4031 dicebat
754 3969 917 4047 Roscius,
943 3990 1039 4039 tinum

245 4066 342 4140 Qitod
364 4086 427 4126 nou
447 4085 545 4142 ,posse
568 4066 630 4138 ulla
653 4069 772 4130 tradier
794 4082 861 4133 arte
883 4083 1029 4144 tament,

138 4188 144 4193 ’
181 4163 219 4222 ld
241 4163 297 4242 pol
319 4182 384 4243 ego
407 4162 485 4241 quid
505 4162 545 4223 sit
567 4164 649 4243 vicli,
674 4169 849 4249 Pizzellia,
876 4176 949 4239 dum
971 4185 1007 4237 tu
