2750 4744
196 195 256 259 162

259 348 393 414 Anseris
417 357 448 408 et
469 351 571 406 tutum
594 358 674 402 voce
695 333 795 398 tuisse
816 331 949 393 Iovem:
977 320 980 326 ’

196 455 301 533 Quom
326 468 374 512 me
400 443 539 511 Castalia
559 439 724 522 speenlans
746 455 787 496 ex
809 432 926 493 arbore
950 426 1101 491 Phoebus
1188 470 1196 477 .

259 552 314 616 Sie
336 548 397 622 ait,
421 540 645 615 auratanixns
668 538 707 599 ad
730 545 821 596 antra
842 533 933 611 lyra:

199 652 308 732 „Quid
328 649 388 711 tibi
409 668 480 709 euin
501 641 573 719 tali,
595 642 743 710 demens,
767 644 816 697 est
836 628 988 694 flumine?
1010 626 1080 710 quis
1103 635 1135 687 te
1187 722 1192 728 β

242 747 421 835 ‘Carminis
439 742 533 808 heroi
554 754 687 823 tangere
709 735 799 799 iussit
821 731 928 814 opus?

125 879 131 888 ·
175 857 272 919 »Non
294 852 346 914 hie
368 849 433 910 ulia
454 844 513 907 tibi
533 842 690 924 speranda
712 848 760 900 est
781 835 884 906 fama,
910 828 1085 910 Properti:

259 938 375 1015 Mollia
399 957 471 1009 sunt
492 940 601 1024 parvis
622 950 714 1021 prata
738 938 869 999 terenda
891 931 990 1006 rotis,

195 1055 241 1118 Ut
261 1064 333 1115 tuns
355 1048 386 1111 in
408 1065 537 1109 scamno
559 1042 694 1103 iactetur
715 1054 810 1116 eaepe
832 1034 980 1105 libellus,

260 1154 364 1232 Quieto
386 1150 471 1230 legat
493 1153 682 1223 exspectans
706 1139 775 1201 sola
797 1136 903 1218 puella
926 1134 1043 1196 virum.

197 1253 267 1319 Cur
288 1264 340 1315 tna
362 1245 580 1332 praescriptos
604 1250 717 1303 eveeta
740 1251 787 1301 est
808 1236 925 1320 pagina
948 1231 1064 1319 giros?

258 1355 336 1417 Non
359 1360 407 1412 est
428 1344 547 1429 ingenii
570 1343 681 1421 cymba
704 1340 866 1422 gravanda
889 1336 947 1398 tui.

197 1455 292 1520 Alter
315 1469 419 1514 remus
441 1465 559 1529 aquas,
583 1441 662 1505 alter
683 1438 743 1500 tini
764 1440 855 1500 radat
876 1456 1007 1508 arenas3

262 1557 367 1616 'sutus
389 1547 469 1611 eris:
494 1543 598 1606 medio
621 1537 757 1602 maxima
778 1539 874 1600 turba
897 1535 975 1598 mari
997 1538 1080 1598 est.”

197 1655 355 1726 Dixerat,
380 1661 411 1712 et
433 1648 557 1730 plectro
580 1645 687 1729 eedem
709 1637 785 1701 mihi
808 1648 965 1721 monstrat
986 1639 1132 1708 eburno,

262 1755 334 1832 Qua
357 1769 443 1813 nova
466 1764 614 1810 muscoso
638 1740 747 1804 semita
768 1739 852 1801 faeta
875 1737 949 1801 solo
973 1748 1032 1799 eet.

198 1854 264 1917 Hic
286 1863 354 1915 erat
376 1849 476 1912 affixis
499 1843 611 1907 viridis
632 1842 782 1929 spelunea
804 1839 935 1920 lapillis,

262 1953 513 2031 pendebantque
536 1945 623 2007 cavis
645 1955 795 2023 tympana
817 1939 1008 2020 pumicibus.

199 2058 293 2138 Ergo
316 2054 484 2115 Musarum
509 2059 539 2108 et
563 2043 662 2108 Sileni
684 2042 785 2124 patrie
807 2040 916 2124 imago

261 2150 383 2216 Finitis
406 2160 437 2210 et
460 2145 588 2221 calami,
613 2146 683 2207 Pan
707 2138 874 2224 'segea'ee,
897 2141 960 2214 tui3

198 2257 243 2317 Et
263 2249 402 2315 Veneris
425 2247 568 2310 dominae
591 2245 764 2317 vulnerer,¹
787 2262 855 2305 mea
876 2244 991 2314 turba,
1014 2240 1183 2303 columbae

262 2351 406 2434 Tingunt
429 2330 606 2430 Gorgonea
629 2344 744 2426 punica
765 2354 872 2406 rostra
893 2342 984 2415 lactu

198 2451 421 2531 Diversaeque
443 2467 559 2509 novem
582 2444 715 2508 sortitae
736 2464 812 2505 rnre
834 2443 959 2525 puellae

251 2552 426 2625 ¹Exercent
448 2558 571 2608 tenerae
592 2544 624 2606 in
646 2563 704 2606 ena
726 2547 809 2606 dona
833 2565 955 2606 manus.

198 2652 291 2715 Haec
312 2651 445 2710 hederas
467 2646 546 2729 legit
568 2644 599 2706 in
622 2647 769 2724 thyrsos,
794 2645 874 2705 haee
897 2643 1035 2706 carmina
1057 2644 1164 2707 nervis
1281 2644 1324 2705 35

261 2751 384 2830 Aptat3
408 2759 439 2809 et
460 2745 514 2808 iiia
537 2766 630 2807 manu
653 2743 734 2807 texit
756 2754 890 2826 utraque
913 2765 1034 2807 rosam.

255 2958 296 3005 13.
322 2954 375 3015 „ex
394 2955 495 3019 arbore]
514 2958 541 3001 id
559 2971 605 3001 non
625 2961 662 3000 est
679 2957 706 2998 in
726 2955 831 3009 arbore,
860 2958 902 3001 aed
920 2957 982 3001 inter
997 2955 1100 3000 arbores
1113 2987 1120 3008 ,
1142 2958 1268 3013 quodnos
1286 2938 1325 3001 at'-

201 3031 277 3076 cimus
301 3041 348 3070 aue
365 3026 414 3070 den
436 3023 549 3069 Boumen
576 3038 620 3079 pro
642 3022 722 3067 duret
740 3023 781 3068 dte
804 3022 926 3069 Bruma
952 3025 1145 3075 fiandsl'nrsess.
1166 3023 1192 3070 2.
1212 3037 1237 3078 p.
1261 3023 1327 3070 ⁶26.

202 3096 243 3143 ii.
263 3095 304 3142 tte
324 3095 400 3140 Codd.
414 3093 445 3137 L.
466 3114 495 3126 -
515 3091 574 3137 ltine
591 3093 705 3137 Volecns.
724 3095 814 3151 Vulgo.
852 3090 894 3141 21.
915 3094 954 3137 sie
972 3094 1038 3147 Lips.
1055 3093 1219 3151 SeaLVntgo.
1235 3111 1273 3127 -
1291 3092 1324 3138 1..

199 3172 224 3211 et
242 3167 290 3209 lae.
310 3178 363 3207 cnm
382 3164 440 3207 cdd.
457 3162 618 3219 prneecripto
636 3166 732 3205 eereetu
747 3167 786 3205 eet
798 3161 899 3220 pagina
916 3162 990 3220 giro:
1011 3162 1062 3216 sed,
1078 3166 1103 3204 nt
1118 3174 1141 3205 v.
1161 3158 1248 3205 reveni
1267 3158 1333 3220 (ruf

198 3234 238 3279 die
257 3233 324 3277 Seite
336 3228 444 3293 feltren)
462 3231 573 3273 latinum
585 3230 631 3284 sit,
652 3231 740 3287 dequo
757 3242 844 3286 magno
852 3240 924 3283 opere
941 3230 1049 3274 dubitare
1063 3231 1120 3274 iicet
1126 3261 1134 3283 ,
1154 3230 1326 3288 ingratissima

199 3308 277 3345 tamen
304 3304 368 3344 esset
394 3301 484 3356 imago.
533 3299 619 3342 Totius
638 3299 685 3342 loci
706 3298 883 3342 distinctionem
903 3299 939 3342 aie
959 3299 1083 3343 constitnit
1107 3298 1208 3342 {ae0b.:
1228 3296 1328 3342 Mottta

199 3374 259 3413 eunt
272 3368 363 3423 peruia
386 3372 465 3423 prato
489 3365 592 3410 terenda
613 3368 685 3410 totio.
729 3365 759 3410 Ut
777 3373 834 3410 tune
855 3367 884 3409 in
900 3379 1006 3410 eeumno
1023 3367 1131 3410 iactetur·
1148 3379 1225 3424 ωερε
1250 3367 1328 3411 tiber·

199 3438 255 3490 lue,
275 3434 353 3496 Quem
369 3435 440 3494 leget
457 3440 610 3490 exspectant
627 3436 683 3479 0qu
700 3434 787 3491 puello
804 3435 905 3489 uirum,
926 3431 976 3478 Cur
993 3441 1036 3479 tuu
1046 3435 1209 3491 proueripto
1221 3441 1329 3479 cerreta

198 3511 237 3549 eet
250 3504 350 3564 puginu
367 3502 444 3562 giro?
482 3500 512 3547 Ut
529 3503 562 3547 ita
586 3503 632 3546 erit
658 3503 726 3557 lieet,
755 3502 877 3560 quumvie.
920 3504 967 3548 Sed
987 3508 1038 3547 tota
1056 3504 1102 3547 toci
1122 3504 1242 3547 sententia
1268 3504 1327 3547 huie

200 3573 286 3617 rationi
303 3578 422 3628 repugnat
437 3571 525 3615 merito
544 3585 557 3613 a
575 3568 622 3614 tt.
641 3572 756 3630 reiectae.
793 3571 837 3614 Est
854 3577 934 3615 antean
952 3573 1025 3617 baec:
1048 3577 1094 3624 „nt
1115 3571 1218 3616 libenter
1237 3573 1326 3630 legare

201 3655 214 3683 n
233 3641 338 3698 puellis,
357 3641 436 3684 tenuia
457 3644 527 3695 atque
546 3639 663 3682 amatoria
683 3643 822 3697 argumenta
841 3641 908 3696 sequi
927 3640 1033 3684 debeess'*
1063 3640 1116 3684 Non
1132 3649 1211 3684 vero:
1228 3640 1327 3692 „Licet

199 3714 241 3752 tua
257 3708 363 3750 carmina
381 3711 461 3751 ament
483 3709 590 3760 pnettae,
617 3720 660 3750 eur
677 3708 763 3750 altiora
782 3706 919 3751 effectae?”
937 3707 969 3751 Et
984 3708 1083 3763 proprie
1104 3706 1134 3750 tte
1152 3732 1162 3742 -
1181 3731 1191 3743 ·
1210 3707 1324 3753 iactetur

200 3772 401 3832 neteignificaret
430 3776 525 3830 quidem
551 3776 624 3828 iliud,
656 3777 719 3832 quod
739 3777 790 3818 vult
807 3776 874 3829 lae„
901 3777 942 3820 sed
962 3781 1027 3820 esset
1044 3777 1103 3829 „fn
1123 3781 1189 3818 tunm
1210 3776 1325 3823 libellum

200 3842 318 3895 iactari,’'
334 3848 430 3903 genetet
448 3840 513 3886 auch
530 3841 564 3886 du
582 3841 689 3886 werdeet
704 3840 794 3904 ke'iufig
811 3843 933 3902 galenam
949 3845 1012 3900 qnod
1032 3844 1058 3888 h.
1076 3846 1093 3888 Ι.
1116 3843 1252 3888 absurdum
1275 3849 1323 3889 eet.

200 3909 243 3957 29.
271 3907 343 3969 Ergo
365 3907 407 3952 hie
423 3908 557 3954 Metaurum
574 3911 672 3966 Lechm.
693 3913 756 3956 coni.
784 3913 832 3956 Sed
855 3925 917 3971 ergo
937 3912 962 3957 h.
984 3914 1002 3959 Ι.
1028 3925 1076 3955 non
1103 3912 1203 3966 proprie
1222 3913 1326 3968 quidem

201 3974 319 4038 signifieat
337 3984 388 4022 tum
402 3980 438 4023 vel
456 3975 559 4030 deinde,
579 3980 621 4023 sed
639 3980 739 4022 inservit
755 3985 846 4025 tanturn
859 3981 1031 4025 continuandae
1050 3980 1169 4033 orationi,
1196 3994 1253 4025 eum
1273 3994 1326 4024 ma·

199 4051 252 4113 iore
271 4048 396 4104 eliquari.
446 4043 488 4091 30.
507 4059 522 4087 a
540 4045 636 4103 Tegea,
656 4046 773 4092 Arcadiae
790 4049 859 4096 urbe.
916 4045 959 4095 31.
980 4047 1011 4092 tu
1028 4048 1089 4092 God.
1109 4048 1188 4093 Gron.
1208 4073 1244 4084 -
1265 4061 1325 4093 mea

199 4129 262 4159 euru
279 4115 404 4159 Passerat.
469 4110 511 4157 ³2.
531 4114 567 4166 „i.
587 4128 610 4158 e.
630 4113 794 4167 Hippocrene,
825 4116 880 4161 fons
903 4118 958 4173 equi
978 4116 1101 4175 Gorgonei
1126 4131 1148 4161 s.
1174 4117 1268 4176 Pegasi
1293 4130 1327 4163 ει

200 4196 287 4228 eruore
314 4184 431 4227 Medusae
458 4182 506 4225 ortt
530 4182 617 4240 ungula
641 4181 708 4237 pedis
732 4178 949 4236 apertus.”1tnin.
1023 4181 1064 4230 33.
1084 4186 1144 4230 iure
1166 4186 1231 4231 Seai.
1253 4187 1323 4233 roni.
