2762 4762
47 370 214 435 Sermonis
236 368 385 448 facilem,
409 373 533 455 quialem
557 373 627 437 volt
648 373 772 452 labula,
796 377 925 439 ductum

110 472 220 535 Gratia
244 472 374 536 donavit
396 472 502 549 trina,
528 475 730 553 Menandre,
756 475 824 538 tibi.

45 575 243 655 Perpetuam
266 573 369 639 vives.
415 574 508 655 Quae
530 577 621 639 dete
643 574 748 660 surgit
771 576 906 641 Atbenis

111 675 243 753 Gloria,
266 674 419 740 caelestes
442 674 528 741 venit
550 678 589 739 ad
611 696 712 760 risque
733 678 862 743 domos.

490 818 493 825 ⁴
575 860 630 924 aa.

47 978 133 1041 Eece
154 986 345 1041 coronatum
368 997 493 1059 semper
515 987 629 1060 eaput,
654 999 730 1044 ecce
753 981 986 1059 Menandrum,

112 1077 177 1157 Qui
200 1078 292 1141 Siren
316 1098 468 1153 scaenae,
492 1099 624 1160 compar
647 1080 779 1145 Amoris
801 1093 883 1146 erat.

48 1178 173 1242 Auctor
196 1199 330 1263 namque
352 1178 462 1241 hilaris
484 1177 569 1243 vitae
590 1180 649 1243 suit
671 1179 766 1264 inque
788 1184 946 1247 theatrum

110 1279 241 1343 induxit
263 1278 381 1361 Paphii
400 1278 541 1344 foederis
564 1301 657 1344 omne
679 1303 793 1365 genus.

581 1465 634 1528 53.

49 1581 223 1647 Proximus
246 1582 298 1645 hic
319 1582 433 1647 merito
455 1595 538 1660 stas,
563 1586 659 1648 docte
682 1586 882 1663 Menander,
907 1586 1045 1651 Amori:

109 1685 192 1745 Nam
215 1694 249 1745 tu
272 1695 373 1763 mysta
394 1683 494 1748 sacris
517 1685 662 1748 dulcibus
685 1686 752 1749 eius
776 1708 860 1750 eras.

50 1783 194 1864 Quantus
218 1805 288 1847 eum
314 1785 442 1862 tuleris,
467 1786 520 1848 vel
542 1807 624 1849 nilne
646 1799 695 1850 est
717 1787 862 1850 discere:
887 1809 956 1855 nam
982 1800 1031 1867 te,

111 1886 178 1950 Ora
201 1897 253 1947 tua
277 1886 328 1960 bie
350 1885 494 1970 qriisquis
517 1886 695 1968 conspicit,
720 1889 938 1953 omniserunt·

576 2072 629 2134 59.

49 2187 138 2253 Urbe
160 2199 235 2262 tua,
261 2187 399 2267 Sicyon,
424 2184 548 2271 lepidae
571 2202 739 2272 praecepta
765 2191 922 2255 Camenae

110 2288 195 2354 Cum
220 2290 355 2354 Bromio
378 2292 489 2353 ludens
512 2290 622 2353 Gratia
645 2302 733 2354 terna
757 2291 861 2366 dedit,

49 2388 146 2454 Risus
169 2411 298 2453 aeirruen
321 2392 435 2465 habet3
458 2391 692 2475 castigeturque
715 2390 854 2455 iocando

110 2494 206 2568 Vita;
229 2494 333 2557 bonos
356 2513 463 2557 mores
486 2493 573 2557 ebria
597 2495 689 2556 turba
713 2495 820 2559 docet.

577 2677 630 2740 60.

46 2796 123 2859 Non
144 2795 239 2859 facile
260 2794 291 2858 in
313 2796 415 2880 lucem
439 2796 565 2872 venies,
589 2797 615 2877 si
639 2797 725 2860 sorte
748 2807 869 2861 meatus

109 2897 282 2972 Incideris,
306 2908 417 2961 noster
440 2919 520 2982 qrios
543 2898 739 2978 labyrinthus
761 2899 870 2961 babet.

47 3001 128 3062 Tam
151 2998 245 3063 tortis
270 2997 448 3063 Cassandra
470 2998 548 3062 huit
568 2999 704 3063 fanatica
725 2999 854 3072 verbis,

111 3101 203 3180 Quae
225 3100 358 3163 Priamo
380 3099 513 3164 memori
535 3102 662 3163 nuntius
685 3121 743 3163 ore
763 3099 880 3161 refert.

48 3200 80 3264 Si
103 3201 162 3264 tibi
184 3200 334 3282 Calliope
357 3222 416 3264 cor
437 3200 571 3277 imbuit,
596 3200 724 3283 accipet
747 3201 864 3264 Musae

110 3301 146 3366 si
168 3301 257 3366 rudis
279 3321 332 3379 es,
356 3302 498 3366 manibus
521 3322 584 3366 non
607 3300 667 3365 nisi
687 3303 814 3384 pondus
832 3300 946 3365 babes.

578 3474 633 3549 61.

49 3602 236 3670 Callimachi
258 3627 384 3670 carmen
407 3617 491 3670 teres
515 3604 651 3689 aspiciat
676 3604 781 3681 omnnia
804 3603 923 3688 quiippe

111 3707 176 3786 Qui
199 3727 288 3770 sacra
313 3710 481 3771 Musarum
504 3717 687 3773 commovet
709 3709 772 3771 hoc
794 3727 909 3786 opere.

48 3806 109 3872 Est
131 3808 269 3871 Hecales
291 3808 384 3872 isthic
406 3830 475 3871 casa
498 3831 618 3892 parva,
642 3811 699 3874 sed
720 3806 847 3889 hospita
869 3805 1007 3884 Thesei,

111 3912 260 3973 Theseos
283 3920 316 3972 et
336 3911 454 3991 sudans
475 3910 506 3973 in
529 3902 726 3974 Marathone
749 3910 854 3973 labor.

48 4009 114 4074 Par
136 4012 257 4074 habeas
280 4021 359 4092 opto
381 4013 502 4099 robur,
526 4012 705 4087 Marcelle,
729 4010 896 4084 iuventae,
945 4040 971 4047 ·’

109 4113 224 4174 Laude
246 4133 305 4175 nec
327 4112 495 4198 omnigena
517 4111 557 4177 ait
579 4114 636 4176 tibi
657 4110 722 4176 vita
747 4111 862 4176 uriuor.

90 4214 183 4268 Eelogae
197 4208 259 4255 l'u'et·¹
267 4213 310 4255 Lat.
632 4226 637 4237 ’
914 4212 952 4273 21

1146 585 1165 644 5
