2736 4748
219 152 282 246 ass

219 309 355 372 Servum
377 305 405 370 si
426 316 539 388 potes,
563 304 648 383 Ole,
672 325 735 366 nou
758 304 899 380 babere,

217 411 262 475 Et
284 430 391 492 regem
415 419 528 490 potes,
553 406 634 483 Ole,
658 425 723 470 non
743 406 878 469 habere.

491 565 608 629 XXX.
644 561 825 626 Eiusdem.
859 562 916 640 (L.
940 561 973 624 3.
998 563 1045 639 l.)

218 679 355 741 Romam
380 676 478 748 rade,
502 671 604 747 liber:
627 668 671 747 si,
694 671 820 734 veneris
844 674 946 747 unde,
970 672 1133 754 requireit

281 776 437 839 Aemiliae
459 774 544 837 dices
567 776 605 836 de
628 773 763 857 regione
787 772 870 835 viae.

217 877 273 953 si,
297 878 411 960 quibus
433 874 576 952 intersis,
601 895 663 957 qua
686 874 783 936 simus
804 873 836 934 in
861 876 962 951 urbe,
986 874 1136 957 rogabit:

279 977 414 1042 Corneli
434 975 558 1039 reseras
581 996 628 1038 me
652 974 726 1038 lieet
748 995 817 1037 esse
839 973 929 1039 foro.

218 1080 288 1145 Cur
310 1077 430 1153 absim,
454 1086 604 1160 quaeret:
625 1074 769 1139 breviter
789 1085 843 1150 tu,
875 1076 991 1151 multa,
1015 1074 1137 1152 latere,
1184 1100 1187 1105 ·

282 1182 357 1243 Non
379 1189 507 1261 poterat
529 1197 629 1240 vanae
651 1176 754 1239 taedia
775 1176 863 1238 ferre
885 1188 996 1260 togae.

218 1282 356 1362 Quando
381 1277 488 1340 venit?
510 1276 612 1340 diret:
636 1287 672 1339 tu
693 1279 912 1358 respondeto,
934 1280 1034 1359 poe'ta

280 1380 415 1446 Exierat
423 1401 433 1456 ς
457 1378 581 1456 veniet,
605 1399 702 1462 quom
725 1378 927 1442 citharoedus
948 1381 1021 1443 erit.

476 1520 608 1584 XXXI.
641 1517 821 1584 Eiusdem.
851 1519 908 1597 (L.
932 1519 964 1581 3.
990 1520 1058 1600 lo.)

217 1626 336 1710 Exigis
357 1649 374 1691 a
398 1627 489 1691 nobis
513 1648 643 1709 operam
666 1628 733 1689 sine
755 1627 816 1690 line
838 1639 999 1711 togatam:

282 1732 357 1793 Non
380 1749 440 1803 eo,
463 1728 611 1790 libertum
633 1731 689 1792 sed
711 1728 770 1792 tibi
793 1728 885 1793 mitto
908 1752 1025 1793 meum.

218 1832 293 1894 Non
316 1840 382 1904 est,
407 1829 526 1913 inquis,
549 1828 646 1893 idem.
690 1831 799 1893 Multo
822 1831 893 1911 plus
915 1850 984 1893 esse
1006 1833 1178 1913 probabo:

281 1932 351 1996 Vix
374 1952 439 2015 ego
460 1931 601 1995 lecticam
623 1925 829 2016 subsequor:¹
846 1932 900 1995 ille
921 1925 1017 1996 leret.

218 2033 256 2096 Iu
280 2035 404 2094 turbam
426 2031 590 2107 incideris:
614 2044 747 2096 cunctos
770 2034 908 2095 umbone
929 2034 1081 2114 repellet:

280 2133 460 2196 Invalidum
482 2146 529 2196 est
551 2133 644 2196 nobis
667 2134 900 2217 ingenuumque
923 2134 1014 2201 latus.

219 2235 382 2314 Quidlibet
404 2235 434 2297 in
459 2234 561 2298 causis
583 2234 783 2311 narraveris,
813 2234 882 2316 ipse
905 2238 1039 2300 tacebo:

281 2337 327 2398 At
349 2335 405 2398 tibi
427 2334 637 2419 tergeminum
661 2336 780 2420 mugiet
801 2336 854 2400 ille
876 2339 1012 2419 sophos.

219 2434 279 2498 Lis
301 2434 379 2509 erit;
402 2435 523 2527 ingenti
544 2436 640 2501 saciet
662 2437 811 2499 convicia
833 2459 932 2503 voce:

281 2537 363 2599 Esse
384 2540 490 2617 pudor
513 2536 612 2600 vetuit
635 2537 731 2610 sortia
756 2542 854 2601 verba
878 2539 965 2602 mibi.

217 2637 312 2722 Ergo
336 2637 411 2699 nihil
434 2637 544 2714 uobis,
567 2636 691 2722 inquis,
715 2640 893 2720 praestabis
915 2642 1053 2705 amicus?

280 2738 444 2823 Quidquid
464 2738 617 2815 libertus,
644 2739 804 2818 Candide,
829 2762 894 2806 non
916 2743 1047 2824 poterit.

477 2890 632 2953 XXXII.
661 2888 841 2954 Eiusdem.
876 2892 933 2971 (L.
957 2890 989 2955 3.
1014 2893 1083 2970 ol.)

259 2995 405 3072 Sirenas,
428 2996 562 3060 hilarem
585 2997 800 3082 navigantium
822 3022 968 3083 poenam

217 3099 421 3181 Blandasque
443 3109 564 3163 mortes
587 3100 798 3184 gaudiumque
820 3105 972 3182 crudele,

217 3200 305 3274 Quas
327 3219 420 3262 nemo
444 3202 603 3282 quondam
628 3203 794 3265 deserebat
817 3205 955 3283 auditas,

216 3298 331 3360 Fallax
353 3299 464 3370 Ulixes
486 3300 602 3363 dieitur
623 3300 804 3387 reliquisse.

215 3400 292 3462 Non
316 3398 433 3464 miror:
459 3398 553 3478 illud,
579 3400 747 3479 Cassiano,
774 3405 924 3485 mirarer,

216 3500 251 3563 Si
272 3499 467 3566 fabulantem
491 3502 624 3568 Canium
647 3505 838 3588 reliquisset.

466 3644 638 3709 XXXIII.
661 3644 841 3709 Eiusdem.
872 3648 930 3727 (L.
954 3651 986 3711 d.
1011 3651 1079 3730 lo.)

214 3746 300 3811 Dum
323 3768 427 3812 novus
450 3763 498 3813 est
520 3774 622 3837 neque
645 3758 748 3819 adhuc
769 3777 840 3833 rasa
865 3759 937 3820 mihi
960 3760 1067 3822 lroute
1091 3762 1235 3840 libellus,

278 3850 402 3934 Pagina
425 3856 497 3913 ditm
521 3857 608 3938 tangi
630 3879 695 3920 uon
717 3861 798 3922 bene
820 3861 903 3925 sicca
927 3862 1032 3938 tiiuet,

214 3950 250 4027 l,
274 3972 371 4031 puer,
396 3963 428 4013 et
450 3973 526 4016 earo
548 3956 657 4034 perles·
679 3960 751 4023 leve
774 3983 885 4024 munus
908 3963 1010 4045 arnico
1019 4008 1029 4040 ,

281 4050 345 4124 Qui
368 4051 480 4110 uaeruit
502 4073 602 4133 nugas
625 4056 743 4135 primus
766 4063 884 4124 habere
908 4085 1005 4126 sileas.

217 4143 342 4218 Curre,
367 4149 424 4207 sed
445 4146 635 4226 instructus:
659 4158 826 4223 comitetur
848 4165 970 4227 Punica
995 4166 1109 4230 librum
