2750 4744
210 181 279 244 tta·
316 202 318 211 ’
371 176 385 195 “

212 335 246 398 Si
268 347 299 396 te
321 335 409 397 forte
430 332 542 395 iuvant
563 332 676 395 Helles
701 329 947 395 Athamantidos
970 333 1065 395 urbes

272 439 344 500 Nec
366 434 544 509 desiderio,
570 435 684 508 Tulle,
708 454 839 495 movere
863 454 936 496 meo
951 478 982 508 ,.
1036 492 1041 501 .

212 540 264 601 Tu
286 538 361 600 licet
382 535 539 617 adspicias
562 536 684 597 caelum
707 555 800 598 omne
822 534 954 602 Atlanta
976 547 1140 617 gerentem

275 640 431 724 Sectaque
455 639 575 700 Persea
598 633 780 719 Phorcidos
804 655 863 696 ora
885 656 997 709 mauri,
1022 684 1028 697 .
1115 698 1119 705 ,

211 742 387 820 Geryonae
412 737 536 801 stabula
557 748 589 798 et
609 737 782 799 luctantum
804 735 835 797 in
859 736 994 816 pulvere
1018 738 1110 821 signa

272 840 424 904 Herculis
446 837 629 920 Antaeique
651 836 929 918 Hesperidumque
952 839 1093 914 choros,

181 934 328 1024 Tuque
350 953 407 1004 tuo
431 939 589 1003 Colchum
612 938 775 1018 propellas
797 937 919 1020 remige
941 937 1062 1001 Phasin

272 1043 482 1124 Peliacaeque
504 1039 603 1102 trabis
625 1051 727 1102 totum
750 1039 810 1102 iter
830 1039 901 1119 ipse
923 1040 1032 1123 legas,

140 1145 283 1224 Qua
306 1143 393 1206 rudis
415 1145 531 1223 Argoa
553 1151 639 1202 natat
661 1140 743 1202 inter
765 1160 843 1202 saxa
863 1140 1016 1203 columba

274 1245 311 1306 In
335 1243 447 1306 faciem
471 1261 589 1321 prorae
610 1239 706 1321 pinus
729 1242 849 1303 adacta
859 1262 983 1304 novae:

150 1362 154 1367 ’
209 1346 253 1408 Et
275 1344 323 1420 si,
349 1365 411 1427 qua
435 1341 591 1424 Ortygiae
615 1340 743 1402 visenda
767 1352 815 1405 est
838 1362 897 1404 ora
920 1341 1052 1422 Caystri

275 1447 318 1506 Et
341 1465 402 1525 qua
424 1453 569 1522 septenas
592 1453 752 1524 temperat
772 1445 853 1505 unda
879 1443 967 1517 vias,

212 1544 326 1609 Omnia
350 1545 516 1606 Romanae
540 1545 654 1604 cedent
680 1542 829 1612 miracula
853 1554 978 1607 terrae:

275 1647 397 1707 Natura
418 1643 472 1706 bie
498 1643 623 1724 posuit,
649 1642 803 1726 quidquid
828 1643 948 1726 ubique
972 1644 1046 1707 fuit.

211 1745 323 1808 Armis
346 1755 418 1825 apta
441 1742 541 1826 magis
564 1744 657 1813 tellus
681 1765 774 1824 quam
800 1747 969 1808 commoda
990 1763 1119 1822 noxae,
1178 1791 1180 1795 ‚

274 1848 426 1919 Famam,
452 1846 576 1918 Roma,
600 1856 673 1906 tuae
696 1866 761 1907 non
773 1908 777 1915 ι
784 1848 882 1924 pudet
904 1846 1078 1909 historiae:

210 1949 292 2010 Nam
316 1958 465 2032 quantum
488 1946 600 2019 ferro,
624 1956 744 2007 tantum
768 1945 886 2026 pietate
907 1954 1054 2028 potentes

277 2051 422 2121 Stamus3
447 2046 596 2110 victrices
619 2056 777 2125 temperat
797 2046 846 2108 ira
869 2069 991 2129 uranus.

210 2150 275 2213 Hic
296 2149 383 2212 Anio
408 2147 554 2210 Tiburne
576 2146 671 2222 flrris,
697 2145 875 2209 Clitumnus
899 2151 939 2209 ab
961 2148 1087 2213 Umbro

274 2249 417 2312 Tramite
432 2261 471 2310 'et
493 2260 655 2322 aeternum
679 2248 824 2309 Marcius
846 2249 961 2313 humor
984 2272 1091 2332 opus,

210 2353 355 2415 Albanus
377 2350 465 2411 lacus
490 2360 521 2410 et
546 2348 632 2411 socia
657 2349 868 2411 Nemorensis
890 2353 930 2412 ab
955 2354 1036 2413 unda

274 2454 423 2532 Potaque
447 2448 591 2512 Pollucis
618 2449 748 2530 lympha
771 2450 908 2512 salubris
935 2472 1033 2534 equo.

281 2629 305 2676 7.
331 2630 418 2685 „Licet
448 2631 596 2685 Hellesponti
621 2631 711 2684 urbes,
740 2632 852 2685 Atlanta,
872 2633 1032 2677 Mauritaniae
1048 2633 1190 2692 Tingitanae
1208 2641 1329 2687 montem,

210 2701 336 2759 Gorgades
348 2700 438 2743 insulas
452 2698 561 2754 (deinum
581 2705 606 2742 ut
624 2700 711 2753 aiunt,
731 2699 867 2757 aliquando
886 2698 1052 2760 Gorgonum
1071 2703 1153 2755 Mela,
1177 2700 1201 2755 3,
1224 2702 1273 2758 9.),
1294 2704 1331 2746 uhi

209 2771 315 2814 Perseus
334 2770 463 2821 Medusae,
495 2768 584 2810 Phorci
603 2766 684 2821 filiae,
710 2770 1102 2823 capritamputavtt‚E1-ythiam,
1129 2770 1259 2823 Geryonae
1279 2773 1333 2815 olim

209 2838 394 2890 habitationem,
407 2888 409 2897 ι
424 2841 448 2881 et
469 2835 553 2880 Autaei
573 2837 666 2894 regiam
682 2837 788 2879 lrassam
806 2839 835 2880 ad
855 2839 964 2891 paludem
985 2839 1153 2892 Tritonidem,
1174 2840 1333 2896 Hesperidum

209 2908 293 2951 hortos
321 2908 345 2949 iu
364 2904 496 2958 Cyrenaica
517 2905 575 2948 olim
599 2905 676 2957 sitos,
696 2905 832 2957 Phasidos,
854 2906 964 2960 Caystri,
992 2906 1087 2963 Nilique
1106 2921 1163 2951 oras
1182 2910 1332 2962 perlustres,

209 2982 288 3020 tamen
308 2974 367 3017 nihil
386 2974 508 3025 iuvenies,
529 2974 592 3029 quod
617 2973 699 3016 ltaliae
724 2974 858 3028 comparari
877 2976 963 3029 possit
967 2976 980 2995 '¹
997 2977 1081 3018 Burin.
1099 2980 1123 3018 et
1138 2976 1213 3019 Kuin.
1234 3001 1269 3010 —
1288 2977 1333 3020 Alii

208 3060 232 3089 v.
261 3042 302 3088 16
329 3043 466 3100 intelligunt
489 3042 595 3084 Rhesum
627 3056 648 3084 s.
673 3041 781 3084 Rhebam
802 3034 840 3086 tt.
865 3042 888 3085 in
907 3043 1016 3087 faucibus
1038 3044 1141 3098 Bospori
1163 3044 1230 3087 Plin.
1258 3042 1289 3099 6,
1311 3042 1332 3088 1.

151 3142 155 3148 ·
209 3128 280 3171 quem
299 3107 466 3179 ἑπτάποροι
485 3111 545 3155 dixit
563 3109 663 3153 Nonnus
680 3110 781 3163 Dionys.
806 3108 835 3168 3,
857 3107 915 3155 193.
974 3109 1015 3155 13.
1041 3113 1196 3166 „:Suppleut
1218 3127 1278 3155 σιιιιι
1292 3112 1333 3156 Ar·

209 3196 260 3242 goa
277 3179 407 3232 columba,
428 3180 491 3235 quod
509 3177 562 3222 heri
579 3180 669 3235 nequit.
683 3178 763 3222 Vatia.
785 3174 809 3222 5.
829 3178 972 3238 Argoduce.
993 3180 1077 3224 Unus:
1097 3179 1190 3224 Areon.
1211 3181 1334 3240 Legeigi·

209 3257 268 3293 tur:
298 3248 353 3307 Qua
372 3247 433 3291 duee
452 3240 564 3289 Chaonia
582 3271 615 3280 —
627 3259 739 3295 :versus
764 3249 925 3302 corruptelam
944 3248 1063 3291 contraxit
1082 3262 1094 3291 e
1113 3250 1167 3291 loco
1186 3249 1283 3303 simili,
1303 3247 1333 3299 2,

210 3315 259 3370 26,
281 3313 322 3359 39.
344 3328 417 3372 quom
435 3313 507 3358 rudia
526 3313 613 3373 Argue
631 3314 694 3359 Dux
715 3320 772 3358 erat
789 3316 885 3375 ignoto,
897 3306 1203 3360 miaeoeolomhumnri!
1206 3318 1332 3362 H’usehlt

209 3387 239 3429 ad
255 3383 312 3426 Tib.
331 3379 360 3435 l,
389 3380 418 3435 1,
446 3379 487 3426 70.
531 3384 604 3427 Recte
633 3384 728 3440 quidem
752 3385 781 3427 ad
803 3385 960 3438 sententiam,
992 3386 1033 3428 sed
1054 3398 1139 3438 parum
1163 3385 1332 3439 probabiliter

210 3454 271 3498 lllud
292 3452 371 3495 Vatis.
393 3447 417 3495 5.
438 3449 599 3510 Argodnce,
616 3453 649 3496 nil
668 3453 731 3496 aliud
754 3457 806 3505 est,
840 3453 885 3496 nisi
910 3448 1031 3511 glossema
1055 3453 1185 3496 ablativum
1211 3455 1282 3498 illurn
1297 3467 1333 3498 ex·

209 3523 316 3579 plicans:
350 3518 438 3579 Argon
463 3520 520 3563 duce
540 3504 662 3563 rolreinho.
708 3519 760 3580 ¹15.
785 3520 860 3564 Codd.
881 3521 907 3563 ai
923 3536 972 3578 ιιιιι
991 3521 1063 3579 erige
1081 3522 1118 3564 vel
1137 3521 1239 3580 origne.
1262 3545 1297 3555 -
1314 3521 1334 3564 ei

114 3621 119 3625 -
210 3604 287 3649 quave
313 3589 437 3647 olorigeri
466 3588 520 3631 ltali
549 3594 662 3632 eorrectt.
693 3611 720 3621 -
750 3587 783 3631 Et
801 3603 850 3647 ιιιιι,
868 3587 973 3651 Gygaei
990 3589 1039 3632 alii.
1059 3587 1145 3649 (Etsi
1163 3604 1214 3647 ιιιιι
1233 3589 1335 3648 Gygoei

210 3659 284 3704 Knin.
298 3658 360 3701 miro
375 3652 580 3710 errore)—Alii
590 3654 623 3701 Et
634 3657 658 3700 ei
667 3671 715 3715 ιιιιι
729 3655 849 3716 Ortygii
861 3659 921 3701 unde
932 3657 1030 3701 Laehm
1043 3656 1183 3714 t—Etai‚
1198 3673 1249 3717 qua
1261 3657 1333 3716 Orty-

210 3729 286 3787 giae,
306 3739 372 3782 „qua
391 3723 488 3776 Caystri
506 3738 550 3768 ora
568 3730 605 3769 est
628 3731 677 3768 tam
695 3726 772 3769 vicina
791 3726 833 3769 illa
851 3725 967 3783 Ortygiae
986 3726 1064 3783 (retus
1083 3726 1173 3781 Ephesi
1192 3741 1285 3771 nomen
1303 3730 1334 3770 est

196 3797 275 3841 Pliu.
295 3793 318 3837 5.
340 3790 407 3849 29.,)
428 3792 524 3836 uthuic
543 3794 713 3838 visendasitss‘
767 3791 809 3837 22.
829 3795 962 3838 illuCodd.
978 3795 1035 3850 aliq.
1055 3795 1140 3838 Burin.
1198 3793 1242 3840 25.
1263 3794 1333 3840 Atta-

197 3868 306 3922 unaque
325 3862 398 3904 locus
424 3860 490 3903 socii
516 3860 576 3904 Cod.
600 3861 623 3905 l.
644 3883 674 3895 -
692 3861 852 3921 Albanosque
876 3865 948 3907 lucrer
970 3860 1041 3906 so'cia
1063 3861 1139 3906 Codd.
1162 3859 1186 3906 l.
1210 3884 1244 3896 -
1264 3863 1334 3909 Albu-

210 3946 259 3977 nue
285 3931 359 3973 larua
386 3934 410 3972 et
432 3929 497 3972 socii
521 3930 606 3973 ceteri.
635 3929 697 3974 Cum
717 3932 816 3974 hachm.
851 3933 926 3976 secuti
949 3944 1031 3974 sumus
1059 3931 1104 3974 Ed
1131 3928 1335 3976 Venistine

192 3990 357 4053 l·F1anciunr‚
378 4012 449 4054 quum
469 4002 594 4052 utramque
615 3998 691 4045 lacum
711 3999 797 4042 iisdem
810 4013 839 4042 ex
857 3999 964 4043 fontibus
984 4000 1044 4042 oriri
1063 4004 1166 4042 constet.
1208 3998 1251 4044 26.
1273 4001 1333 4058 lym·

189 4067 260 4129 phu
279 4066 355 4109 Codd.
376 4066 493 4120 plerique.
514 4087 547 4096 -
574 4062 693 4121 Nympho
715 4069 796 4124 vulgo.
815 4067 860 4111 cfr.
879 4071 907 4112 ad
931 4068 1004 4110 Lacr
1029 4065 1059 4121 6,
1091 4064 1167 4112 1173.
1191 4074 1216 4112 et
1237 4068 1332 4114 Lachm.

211 4151 236 4189 p.
257 4130 316 4178 215.
346 4133 384 4175 nbi
412 4134 479 4174 locos
508 4132 622 4185 quosdam
647 4132 731 4184 affert,
763 4134 786 4175 in
806 4135 891 4191 quibus
911 4149 934 4179 ι.
960 4133 1067 4193 lympha
1085 4150 1131 4179 ιιοιι
1145 4130 1333 4195 Nymphaion

213 4202 298 4254 debet,
327 4199 434 4255 quamvis
457 4186 651 4240 dissentientibus
670 4212 740 4252 saepe
765 4204 789 4243 et
812 4202 873 4248 Mss.
905 4209 929 4247 et
953 4203 1054 4247 criticis.
1082 4205 1168 4248 Hor.at
1187 4205 1268 4260 Epod.
1292 4203 1332 4254 16,
