2772 4750
33 344 209 430 Languida
230 342 417 409 semianime
443 365 513 408 cum
533 363 675 427 corpore
696 348 838 409 membra
860 345 1003 425 videres,

33 447 182 512 Horrida
203 451 349 530 paedore
371 457 403 511 et
422 445 535 530 pannis
556 458 712 529 cooperta
736 447 845 532 perire

33 550 199 633 Corporis
221 549 352 614 illuvie:
375 548 469 632 pellis
487 569 584 631 super
606 548 733 614 ossibus
755 572 836 627 una,

30 651 207 717 Ulceribus
228 651 320 715 tetris
337 673 443 734 prope
461 649 523 715 iam
546 649 701 736 sordique
726 653 859 735 sepulta.
1074 657 1156 719 1210

94 753 216 820 Omnia
239 753 375 840 denique
400 764 509 820 sancta
532 755 625 817 detlm
648 752 782 816 delubra
803 754 945 835 replerat

32 855 243 940 Corporibus
265 859 364 920 Mors
382 855 536 919 exanimis
559 866 756 940 onerataque
776 854 893 937 passim

33 959 162 1025 Cuncta
185 957 396 1022 cadaveribus
416 957 586 1022 caelestum
607 957 727 1040 templa
749 961 934 1035 manebant,

34 1061 231 1144 Hospitibus
253 1060 327 1125 loca
346 1082 426 1146 quae
448 1060 648 1142 complerant
670 1060 877 1126 aedituentes.

32 1168 103 1229 Nee
124 1163 187 1226 iam
213 1161 332 1247 religio
355 1162 464 1226 divtim
486 1183 588 1247 neque
610 1162 738 1226 numina
757 1162 864 1248 magni
1070 1167 1152 1229 1215

33 1269 284 1331 Pendebantur:
308 1263 389 1327 enim
408 1285 558 1347 praesens
577 1264 675 1328 dolor
698 1268 925 1348 exsuperabat.

94 1372 169 1432 Neo
187 1389 257 1431 mos
277 1357 531 1449 ili'e‘sepulturae
551 1368 735 1429 remanebat
753 1366 786 1429 in
804 1370 900 1444 urbe,

35 1472 79 1534 Ut
100 1469 174 1552 pius
195 1468 251 1532 hic
271 1468 410 1551 populus
432 1490 558 1550 semper
577 1479 747 1532 consuerat
763 1469 909 1533 humari:

33 1573 250 1635 Perturbatus
272 1570 355 1633 enim
373 1582 461 1634 totus
482 1572 656 1652 repedabat
677 1581 708 1633 et
727 1593 805 1633 unus

34 1673 180 1759 Quisque
202 1694 291 1735 suum
311 1694 373 1755 pru
396 1695 433 1735 re
453 1684 635 1736 consortem
658 1683 793 1736 maestus
815 1674 979 1738 humabat.
1075 1677 1157 1739 1280

96 1775 271 1859 Multaque
290 1795 341 1837 res
363 1772 468 1836 subita
488 1784 519 1837 et
541 1785 713 1856 paupertas
734 1774 867 1839 horrida
890 1774 1007 1841 suasit:

34 1879 182 1963 Namque
205 1898 280 1940 suos
302 1875 557 1960 consanguineos
579 1875 680 1939 aliena
702 1899 863 1961 rogorum

35 1980 172 2061 Insuper
199 1989 365 2041 exstructa
386 1976 507 2060 ingenti
527 1977 667 2043 clamore
686 1978 839 2043 locabant

37 2082 287 2165 subdebantque
308 2079 426 2155 faceis;
450 2080 549 2145 multo
573 2103 644 2143 etim
666 2079 823 2165 sanguine
842 2102 936 2165 saepe

36 2181 193 2247 Rixautes
214 2180 340 2264 potius,
364 2203 459 2266 quam
482 2202 625 2264 corpora
646 2184 880 2247 desererentur.
1074 2186 1156 2250 1285
1212 2214 1217 2221 ·

33 2343 209 2403 pendebantur
228 2345 312 2399 entm5
335 2349 479 2402 praecem)
496 2345 564 2389 enim
581 2346 651 2391 initio
672 2347 790 2392 sermonis
809 2349 907 2404 ponitur·
924 2350 995 2393 etiam
1018 2365 1057 2406 ap.
1076 2351 1156 2395 Plaut.

36 2413 133 2470 111112,
156 2411 188 2470 5,
211 2414 252 2459 11.
278 2420 303 2460 01
322 2416 450 2472 aliquoties
471 2428 511 2469 ap.
535 2416 676 2471 appuleium
700 2429 725 2460 v.
747 2416 856 2465 001001.
880 2420 909 2462 01
933 2416 963 2473 i,
984 2417 1025 2464 ⁶9.
1052 2433 1076 2474 p.
1097 2417 1156 2466 255.

38 2481 112 2529 12711.
134 2482 166 2528 Ut
182 2484 213 2529 E.
229 2485 258 2528 Ζ.
276 2486 305 2533 Ρ.
323 2489 351 2529 Α.
369 2484 402 2528 L.
416 2485 446 2528 ll.
468 2505 497 2517 ·-
517 2481 551 2528 Et
568 2485 598 2529 C.
640 2485 677 2529 lb.
697 2482 745 2529 100
758 2485 817 2530 Cdd.
832 2488 889 2545 aliq.
902 2487 963 2532 Est.
975 2494 1032 2533 vett.
1054 2510 1083 2522 ·-
1104 2488 1157 2549 (luo

36 2568 49 2597 e
66 2553 221 2598 correctione
238 2554 298 2598 Cdd.
311 2555 368 2610 aliq.
383 2555 425 2598 W.
437 2553 513 2598 Forb.
551 2553 588 2598 lb.
603 2554 665 2612 pius
684 2556 713 2601 Z.
727 2555 775 2599 Atii
793 2557 852 2600 cdd.
866 2557 927 2602 Edd.
944 2563 1003 2602 vett.
1022 2558 1052 2602 Α.
1069 2558 1099 2605 Ρ.
1114 2559 1155 2602 W.

37 2622 86 2667 ctr.
99 2621 299 2669 Pansamdtttr.
311 2620 359 2683 21,
377 2619 401 2670 3.
421 2619 555 2671 λέλεκται
570 2619 603 2671 δέ
619 2622 742 2687 μοικαὶ
760 2619 919 2694 πρότερον,
940 2621 979 2687 ὥς
996 2620 1158 2690 Ἀθηναίοις

36 2686 251 2761 περισσότερόν
269 2706 298 2741 τι
314 2685 337 2756 ἦ
353 2693 417 2751 τοῖς
433 2683 534 2751 ἄλλοις
551 2687 582 2752 ἐς
599 2687 636 2740 τὰ
653 2689 721 2740 00101
738 2689 802 2742 ἐστι
820 2691 959 2757 σπουδῆς.
978 2719 1010 2728 -
1031 2696 1108 2753 prius
1126 2696 1156 2740 G.

35 2761 64 2805 Ε.
78 2762 125 2806 lilii
141 2762 205 2806 cdd.
219 2762 320 2806 hilar.
370 2759 446 2806 1279.
466 2760 501 2804 lta
518 2763 578 2805 Cdd.
596 2762 720 2818 plerique,
741 2764 813 2806 etiam
830 2763 858 2807 C.
875 2763 906 2808 E.
926 2764 955 2808 Z.
975 2767 1079 2819 „pedem
1099 2778 1157 2819 prae

36 2834 129 2874 terrore
149 2831 325 2876 retrahebat’':
354 2843 408 2873 nam
426 2830 723 2885 „auxiediscursitare”‚
755 2833 995 2887 stertebatwm„
1021 2833 1156 2891 siguificare

36 2901 74 2942 vix
95 2904 189 2954 potest.
225 2900 360 2955 Simplicius
384 2912 441 2943 sane
465 2904 531 2944 esset
557 2897 713 2956 trepidabat,
743 2901 887 2957 quodnisi.
915 2902 999 2946 tribuit
1019 2904 1157 2960 recepitque

35 2968 199 3016 bamb-flav.
213 2968 306 3013 Nobbe.
335 2968 411 3014 Forb.
428 2967 509 3012 nescio
531 2981 602 3026 quam
620 2981 677 3013 vere
700 2970 761 3013 idem
783 2969 866 3012 tribuit
883 2970 959 3029 Lugd.
975 2985 1024 3016 sec.
1045 2977 1069 3016 et
1082 2973 1155 3016 vind.

36 3038 79 3081 Sed
92 3039 258 3082 creditorum
272 3039 368 3082 silentio
385 3036 408 3079 id
425 3039 499 3081 nolim
516 3038 641 3095 colligere.
679 3035 752 3083 1281,
773 3039 898 3096 inultoque
916 3054 959 3084 ree
976 3040 1060 3083 subita
1078 3046 1102 3084 et
1115 3038 1156 3096 p.]

37 3107 74 3150 Sic
90 3121 144 3151 cuin
164 3108 220 3150 aliis
236 3107 296 3151 Cdd.
315 3120 382 3151 meus
402 3107 432 3151 G.
450 3119 479 3150 ex
498 3107 615 3150 interiore
631 3106 770 3152 Latinitate.
799 3109 893 3165 Vulgo:
914 3111 1038 3166 inuitisque
1058 3109 1095 3152 vis
1114 3121 1157 3151 00-

37 3174 85 3218 1110
102 3183 127 3220 01
141 3189 192 3232 p.;
219 3178 260 3220 sed
281 3190 354 3234 quum
374 3176 412 3220 aie
433 3175 496 3220 absit
514 3190 527 3219 a
544 3176 605 3219 Cdd.
619 3177 677 3232 aliq.
697 3176 758 3221 Edd.
773 3181 846 3230 vett.‚
867 3178 1029 3220 videturesse
1048 3191 1077 3221 ex
1093 3177 1157 3220 arbi-

37 3246 109 3289 trario
128 3246 211 3300 suppl.
230 3259 273 3299 pro
292 3247 362 3303 longe
379 3244 482 3288 rectiore
498 3250 592 3288 nostro.
623 3245 700 3302 Quum
718 3250 742 3289 et
760 3246 875 3289 exciderit
889 3261 900 3290 e
912 3246 971 3291 Cdd.
983 3246 1071 3304 Lugd„
1083 3247 1156 3290 blial.

37 3314 63 3357 10
79 3315 144 3359 coni.
164 3315 230 3359 dedit
247 3315 271 3358 vi
288 3314 372 3358 001110
385 3319 540 3371 paupertas,
566 3315 629 3370 quod
644 3318 734 3358 rectam
750 3316 952 3358 constructionem
966 3316 1027 3359 baud
1045 3316 1156 3360 adiiiiltit.

38 3382 87 3427 Cic.
101 3385 131 3427 ad
145 3384 236 3428 Famit.
253 3380 300 3438 10,
320 3380 367 3437 16,
385 3381 410 3427 2.
430 3383 457 3426 in
475 3381 549 3426 rebus
567 3389 618 3426 tum
637 3381 729 3427 subitis
747 3389 845 3442 tumque
863 3384 991 3445 «agitatis.

91 3650 171 3706 Cum
183 3648 366 3705 Lucretiano
388 3667 497 3726 genere
517 3646 635 3711 dicendi
654 3666 689 3702 00
716 3664 858 3702 versuum
878 3647 1155 3720 consponcudorum

37 3726 156 3781 ratione
184 3723 389 3780 adolescentes
417 3725 576 3780 conferant
602 3723 682 3778 huuc
703 3721 842 3778 Caesaris
863 3723 1036 3780 Germanici
1057 3725 1155 3781 locum

38 3802 124 3857 Aret.
139 3799 307 3857 Phaenmn.
324 3819 353 3855 v.
370 3807 423 3861 105
439 3817 523 3875 seqq.

193 3908 274 3952 Aurea
293 3908 369 3962 pacati
388 3921 488 3965 regeres
507 3921 578 3965 quom
597 3908 677 3952 secula
695 3906 793 3961 mundi,

143 3979 236 4022 lustitia
254 3978 370 4022 inviolata
388 3977 473 4031 ruatis,
494 3977 654 4032 placidissima
673 3976 760 4034 uirgo,

143 4049 199 4092 Sive
217 4048 258 4090 itta
276 4047 371 4090 Astraei
389 4060 465 4104 genus
484 4061 525 4098 es,
546 4060 616 4101 quem
633 4046 697 4088 ferna
715 4052 838 4101 parentem
1004 4041 1050 4087 105

145 4117 256 4160 Tradidit
273 4121 409 4169 astrorum,
430 4129 471 4158 seu
491 4129 547 4160 vera
569 4115 690 4159 intercidit
708 4128 767 4160 aevo

144 4185 220 4229 Ortus
237 4185 301 4229 fatua
321 4185 371 4239 tui,
391 4185 476 4228 mediis
495 4188 517 4228 te
536 4187 598 4229 laetu
615 4183 711 4232 ferebas

147 4254 261 4299 Sublimis
280 4253 389 4311 populis,
410 4267 453 4298 nee
471 4255 597 4312 dedignata
615 4253 697 4299 subire
