2762 4762
430 868 648 933 ΜΑΤΤΗΙΑΕ
667 862 849 928 castum

332 1110 336 1131 ,
384 1036 413 1114 S
447 1035 481 1110 Α
514 1032 548 1108 Β·
580 1032 610 1107 Β
642 1022 663 1105 1
695 1028 725 1104 Ε
759 1028 794 1103 V
828 1027 846 1101 1
882 1026 900 1099 1

373 1263 374 1266 κ
406 1203 628 1293 caunum
651 1208 880 1276 senecas.

536 1380 752 1410 —--·r

519 1517 582 1563 Ltlt.
602 1517 625 1560 1.
660 1515 725 1563 ΟΒΕ
743 1514 776 1559 ΙΙ.

376 1640 440 1703 AD
463 1626 716 1732 AURELIUM
738 1629 919 1717 LYCUM.

208 1763 264 1828 Ne
281 1763 362 1846 plus
383 1780 493 1845 aequo
514 1756 556 1821 <le
578 1751 895 1846 adversufortunu
915 1760 1094 1836 queratur.

261 1881 430 1965 Indignas,
453 1880 563 1959 Lyce,
587 1876 716 1940 naenias

325 1984 370 2046 Et
392 1991 543 2044 maestum
565 1977 684 2063 gemitu
705 1986 817 2059 pectus
840 1985 871 2037 et
891 1968 1040 2056 hispidis·

264 2088 419 2152 Frontem
442 2081 581 2173 nubibus
603 2077 739 2162 expedi,

325 2186 444 2267 Quom
454 2184 513 2250 Sol
533 2202 598 2247 non
619 2181 717 2247 solito
738 2177 853 2242 lumine
874 2148 981 2239 riserit

160 2280 179 2305 ⁶
262 2291 307 2353 Et
327 2288 472 2352 Fortuna
494 2283 645 2351 volubilis
927 2344 981 2358 .-
1193 2273 1213 2335 5
1328 2300 1331 2304 >

327 2388 400 2454 Fati
421 2387 580 2455 difficilem
599 2383 710 2451 iecerit
732 2383 866 2449 aleam„
913 2410 918 2419 ·
1027 2406 1031 2417 ·

265 2493 363 2573 Quod
385 2501 502 2555 vexant
523 2487 621 2554 hodie
642 2489 766 2562 Noti,

330 2592 413 2658 Cras
434 2571 573 2656 lambent
594 2589 712 2655 hilares
733 2607 857 2671 aequor
879 2581 1024 2649 Etesiae.

264 2696 425 2759 Maestum
449 2694 506 2758 Sol
528 2692 624 2758 hodie
647 2701 778 2774 capnt,

330 2794 414 2860 Cras
435 2795 551 2858 laetum
574 2813 671 2857 roseo
693 2800 822 2873 promet
843 2792 882 2850 ab
906 2805 1059 2871 aequore.
1178 2759 1219 2844 to
1245 2778 1250 2785 ’

268 2899 406 2963 Alterno
427 2898 561 2959 redeunt
582 2895 686 2957 choro

332 3001 430 3063 Risus
453 3009 484 3061 et
507 2995 643 3081 gemitus
664 3007 695 3059 et
718 2960 849 3078 madidis
871 3010 973 3073 prope

269 3100 353 3166 Sicci
374 3122 445 3164 cum
467 3088 635 3161 lacrimis
625 3096 703 3162 roci.

210 3244 214 3257 κ
332 3203 517 3266 Nascuntur
539 3198 648 3264 mediis
671 3195 785 3283 gaudia
808 3192 959 3259 luctibus.

273 3303 327 3367 sic
348 3304 422 3369 fatis
445 3301 613 3386 placitum:
638 3299 703 3363 suis
1182 3290 1221 3352 15
1344 3288 1347 3293 “

296 3440 298 3444 ⁴
339 3402 546 3486 Tempestiva
566 3403 671 3466 fluunt
690 3401 757 3466 iata
779 3395 943 3482 perieulis.

272 3511 393 3575 Fessos
416 3496 505 3571 duxit
527 3503 597 3568 heri
617 3507 740 3579 boves,
1057 3487 1062 3496 ’

196 3676 200 3691 ,
335 3612 401 3676 Dat
423 3600 546 3692 maa‘gnis
568 3606 662 3671 hodie
684 3604 754 3670 iura
776 3600 971 3683 Quiritibus3

276 3717 321 3779 Et
342 3735 423 3795 quae
443 3714 549 3776 bobus
572 3713 731 3774 ademerat
866 3738 879 3748 ‘

339 3813 482 3896 Impouit
505 3811 617 3876 Gabiis
640 3824 671 3874 et
693 3808 836 3875 Curibus
859 3805 947 3889 iuga.
1161 3792 1229 3858 '20

280 3916 604 3996 Idem-Phosphorus
627 3910 763 3994 adspicit

337 4021 514 4101 Magnum,
540 4038 633 4101 quem
655 4019 781 4077 tenum
806 4012 927 4074 viderat
951 4007 1131 4088 Hesperus.

278 4121 424 4204 Quodsi
445 4118 526 4182 seria
549 4116 679 4181 ludicris
872 4116 874 4133 ¹

340 4225 505 4290 Fortunae
527 4219 650 4303 placeat
671 4230 801 4294 texere,
826 4212 963 4278 rusticus
