2750 4744
1096 208 1161 291 lot

106 385 183 431 Natus
204 385 229 429 in
246 384 346 431 Etruria
365 378 519 439 Volaterris',
545 396 618 441 eques
636 382 758 430 Romanis
776 385 892 446 sanguiue
913 392 938 432 et
953 383 1069 434 affinitate
1085 389 1156 444 primi

39 474 130 518 ordinis
148 473 209 517 viris
226 472 382 526 coniunctus,
408 473 513 517 decessit
532 473 561 516 ad
583 475 692 516 octavum
708 472 848 517 milliarium
868 473 906 517 ria
926 473 1023 530 Appia,
1042 477 1067 519 in
1088 489 1157 533 prae-

39 561 83 604 diis
100 563 163 605 suis.
199 560 274 621 Pater
293 559 344 604 eius
364 559 466 604 Flaccus
486 559 602 617 pupillum
621 558 719 616 reliquit
743 559 866 613 moriens,
896 573 1015 604 annorum
1032 561 1084 607 lere
1102 575 1155 608 sex.

38 648 121 692 Fulvia
148 647 260 692 Sisennia
282 649 359 690 rnater
380 647 461 700 nupsit
483 650 566 701 postea
589 644 676 700 Fufio,
706 646 779 703 equiti
796 645 921 693 Romano:
952 652 976 692 et
993 662 1048 694 eum
1063 662 1156 707 quoque

38 735 121 779 extulit
136 735 201 778 iutra
219 746 308 788 paucos
324 746 409 778 anuos.
446 733 544 777 studuit
557 733 753 790 Flaccususque
769 734 799 777 ad
815 747 903 778 annum
920 733 979 779 llll.
993 736 1154 782 volaterris:

38 822 91 866 inde
108 821 201 865 Romae
219 821 279 876 apud
296 820 478 878 grammaticum
496 819 630 865 Remmium
647 819 818 864 Palaemonem
832 823 860 864 et
876 822 937 875 apud
956 821 1079 867 rhetorem
1098 823 1156 868 Vir-

38 910 127 967 ginium
146 908 255 953 Flavum.
293 907 372 964 Quom
392 911 458 952 esset
474 920 592 951 annorum
612 906 682 951 XVI.
702 906 807 951 amicitia
827 907 906 962 coepit
926 909 961 952 uti
978 908 1069 955 Annaei
1090 909 1157 955 Cor-

38 997 105 1051 nuti,
126 995 160 1039 ita
177 999 203 1038 ut
223 994 254 1039 ab
276 1007 306 1038 eo
330 1007 445 1052 nusquam
465 995 616 1040 discederet:
640 1007 655 1037 a
673 1006 721 1050 quo
741 994 851 1038 inductus
869 995 1018 1052 aliquatenus
1038 997 1063 1040 in
1079 997 1156 1052 philo·

39 1082 146 1137 sophiam
162 1086 209 1126 est.
245 1082 292 1126 Sed
310 1093 366 1125 mox
389 1086 446 1126 uta
464 1081 545 1126 schola
563 1085 587 1126 et
607 1082 729 1140 magistris
747 1081 890 1136 diverterat,
917 1083 980 1127 lecto
1003 1083 1066 1128 libro
1086 1082 1157 1129 Luci·

38 1170 63 1213 lii
93 1171 203 1225 decimo,
233 1167 386 1215 vehementer
413 1169 506 1213 Satires
528 1181 671 1223 componere
699 1169 803 1213 studuit:
833 1168 902 1212 cuius
928 1170 985 1214 lihri
1013 1171 1157 1228 principium

38 1258 143 1301 imitatus
162 1262 217 1311 est,
247 1257 293 1301 sihi
311 1257 405 1312 primo,
437 1268 493 1300 mor
515 1255 626 1300 omnibus
644 1257 834 1311 detrectaturue,
863 1270 917 1300 curu
938 1261 1002 1302 tanta
1025 1260 1157 1303 recentium

37 1347 165 1399 poetarum
186 1349 210 1389 et
235 1349 360 1388 oratorum
382 1343 554 1396 insectatione,
586 1347 612 1386 nt
645 1343 716 1387 etism
747 1342 869 1388 Neronem
894 1346 1033 1400 culpaverit.
1082 1345 1157 1390 Cuius

36 1444 121 1475 versus
140 1432 165 1475 in
186 1430 309 1475 Neronem
327 1443 399 1487 quom
417 1430 450 1473 its
472 1442 498 1474 es
525 1428 639 1474 haberet:
667 1428 804 1474 Auriculus
822 1430 892 1476 esini
908 1427 982 1475 Meda
998 1438 1048 1476 rex
1065 1429 1156 1477 hehet:

37 1519 60 1562 in
81 1519 144 1562 hunc
161 1519 258 1561 enodem
275 1531 289 1561 a
308 1517 438 1570 Cornuto,
457 1517 511 1571 ipso
532 1517 637 1561 noudum
654 1521 768 1569 mortuo,
788 1521 827 1561 est
843 1518 1000 1564 emendatus:
1019 1517 1156 1565 Auriculue

37 1605 106 1649 asini
124 1606 182 1664 quis
193 1617 243 1648 non
261 1601 358 1648 babet?
375 1603 462 1648 nehoc
478 1601 546 1648 Nero
557 1602 582 1647 iu
593 1615 620 1647 se
631 1603 719 1647 dictum
732 1602 901 1649 arbitraretur.
937 1604 1036 1650 Amicos
1047 1605 1156 1651 habuita

35 1694 114 1748 prima
136 1693 297 1737 adolescentia
317 1691 431 1735 Caesium
447 1690 563 1745 Bassum,
589 1690 914 1746 pneumatomachitae
935 1693 1036 1747 Suram,
1065 1694 1105 1750 qui
1125 1674 1174 1739 eo¹

34 1782 89 1825 viro
111 1782 206 1825 iuvenis
232 1781 345 1827 decessit.
392 1777 473 1823 Colcit
499 1783 524 1822 ut
544 1783 636 1834 patrem
660 1778 789 1823 Servilium
814 1777 958 1825 Nonianum.
995 1779 1044 1826 Per
1061 1780 1155 1826 Cornu-

36 1874 84 1912 tum
114 1867 229 1926 cognovit
257 1865 381 1910 Annaeum
407 1865 479 1909 etiam
508 1865 651 1918 Lucanum,
685 1878 852 1922 aequaevum,
883 1867 1017 1912 auditorem
1043 1867 1154 1913 Cornuti.

36 1954 97 1998 Nam
118 1954 239 1998 Cornutus
260 1952 302 1996 illo
321 1956 429 2007 tempore
447 1952 552 2010 tragicus
573 1951 631 2006 luit,
660 1956 740 1996 sectae
758 1952 867 2014 Stoicae,
891 1953 931 2010 qui
953 1952 1030 1998 lihros
1049 1954 1156 2009 philoso-

35 2042 105 2097 phiae
125 2040 232 2098 reliquit.
280 2039 328 2083 Sed
341 2037 452 2083 Lucanus
473 2040 533 2084 adeo
550 2038 685 2083 mirahatur
705 2039 795 2094 scripta
816 2039 914 2094 Planci,
940 2044 966 2084 ut
983 2041 1023 2084 uis
1039 2041 1157 2087 retineret

36 2143 79 2182 se,
105 2129 148 2172 illo
166 2129 296 2180 recitante,
324 2140 339 2170 a
357 2127 462 2171 clamore
484 2121 550 2183 [quin
582 2126 624 2172 illa
653 2139 710 2171 vera
731 2138 785 2170 esse
812 2128 922 2181 poemata
939 2125 1051 2186 diceret].
1094 2124 1155 2173 Sero

35 2217 148 2273 cognorit
164 2215 296 2269 Senecam,
316 2214 358 2257 sed
375 2226 422 2256 uon
439 2218 464 2257 ut
481 2217 607 2268 caperetur
626 2213 678 2258 eius
699 2213 806 2271 iugenio.
843 2213 906 2257 Usus
925 2219 962 2258 est
982 2216 1043 2270 apud
1061 2215 1154 2260 Cornu-

35 2308 86 2346 tmn
107 2304 209 2347 duorum
226 2301 335 2345 convictu
355 2276 550 2345 doctissimorum
568 2304 593 2344 et
617 2301 824 2345 sanctissimorum
848 2302 973 2356 uirorum,
991 2302 1081 2348 acriter
1105 2307 1156 2346 tum

33 2388 270 2447 philosophantium,
289 2387 384 2431 Claudil
396 2386 568 2446 Agathoneri,
587 2387 673 2432 medici
683 2387 882 2443 Lacedaemonii,
903 2393 927 2432 et
937 2389 1047 2434 Petronii
1059 2388 1156 2434 Aristo·

34 2452 127 2531 cratis,
147 2477 281 2534 Magnetis,
301 2488 360 2533 quos
378 2476 445 2519 unice
457 2474 558 2518 miratus
576 2479 614 2519 eet
631 2480 655 2520 et
670 2476 819 2529 aemulatus,
839 2488 912 2533 quom
930 2478 1043 2534 aequales
1064 2482 1154 2537 esseut,

33 2569 57 2609 et
78 2564 180 2609 Cornuti
201 2563 316 2607 minores.
371 2563 424 2620 lpse
449 2563 522 2607 etiam
541 2563 622 2607 decem
642 2563 694 2608 iere
716 2565 784 2608 annis
805 2576 896 2608 summe
921 2565 1022 2628 dilectus
1039 2579 1053 2608 a
1078 2565 1154 2610 Paeto

33 2651 146 2696 Thraeca
164 2656 214 2703 est,
242 2652 276 2694 ita
297 2655 323 2697 ut
339 2650 537 2709 peregrinaretur
557 2663 650 2708 quoque
665 2664 718 2695 cum
743 2665 772 2696 eo
790 2653 936 2708 aliquando,
956 2657 1081 2711 cognatam
1101 2653 1153 2697 eius

32 2739 132 2784 Arriam
156 2751 255 2783 uxorem
283 2738 393 2782 habente.
429 2738 486 2782 ruit
502 2751 598 2782 morum
616 2738 810 2792 leuissimorum,
835 2740 992 2785 verecundiae
1010 2739 1152 2798 pirgioalis,

31 2826 127 2871 turmae
144 2826 274 2880 pulchrae,
302 2826 397 2881 pietatis
416 2838 473 2885 erga
491 2828 594 2869 matrem
615 2830 639 2870 et
659 2837 771 2870 sororem
791 2830 816 2870 et
835 2826 933 2869 amitam
954 2827 1064 2880 exemplo
1087 2824 1154 2870 suih-

31 2914 130 2961 rientis.
167 2914 223 2958 Fuit
247 2913 311 2971 frugi
332 2917 356 2957 et
377 2914 484 2968 pudicus.
520 2912 629 2970 Reliquit
649 2913 713 2958 circa
732 2913 871 2957 sestertium
888 2913 962 2957 vicies
980 2914 1053 2977 matri
1071 2916 1095 2956 et
1113 2926 1154 2956 so·

29 3001 102 3046 rori:
122 3000 218 3057 scriptis
236 3005 313 3045 tamen
336 3002 365 3044 ad
385 3004 489 3045 matrem
505 3000 624 3044 codicillis
640 3000 752 3059 rogarit,
773 3005 798 3044 ut
818 3001 886 3044 daret
901 2999 1010 3044 Cornuto
1031 3001 1152 3054 sestertia,

31 3093 58 3132 nt
76 3088 189 3145 quidam,
208 3093 317 3142 centum,
344 3093 370 3132 ut
387 3088 428 3131 alii
446 3091 546 3141 uolunt,
572 3088 643 3142 plus,
675 3092 699 3133 et
718 3087 812 3145 argenti
833 3080 897 3130 tacti
915 3086 994 3141 pondo
1017 3086 1100 3145 viginti
1130 3090 1155 3130 et

28 3175 111 3219 libros
129 3175 193 3219 circa
216 3174 399 3234 septingentos,
430 3175 480 3219 sive
508 3173 677 3219 bibliothecam
695 3187 762 3218 suam
780 3186 885 3217 omnem.
921 3174 1013 3216 Verum
1031 3171 1153 3217 Cornutus

29 3262 136 3306 sublatis
154 3260 240 3317 libris,
260 3262 385 3317 pecuniam
401 3262 482 3305 sorori
495 3265 520 3306 et
537 3264 627 3316 matri,
653 3272 712 3318 quas
730 3260 831 3304 heredes
840 3260 958 3315 lecerat,
976 3259 1085 3318 reliquit.
1121 3258 1154 3303 Et

27 3362 92 3393 rsro
123 3352 147 3392 et
171 3351 238 3394 tarde
264 3349 371 3404 scripsit.
419 3348 487 3393 fluuc
505 3349 584 3403 ipsum
609 3347 698 3392 lihrmu
718 3347 886 3401 imperfectum
908 3347 1014 3404 reliquit.
1059 3347 1153 3391 Versus

28 3436 108 3492 aliqui
120 3436 208 3490 dempti
226 3440 282 3479 suut
298 3437 382 3480 ultimo
400 3435 478 3490 lihri,
492 3440 518 3478 ut
529 3433 596 3492 quasi
614 3431 695 3478 finitus
710 3438 783 3478 esset.
819 3433 917 3478 Leviter
935 3434 1075 3478 retractavit
1090 3432 1152 3478 Cor·

25 3532 118 3576 nutus,
138 3526 162 3565 et
179 3521 267 3566 Caesio
286 3522 364 3566 Basso
390 3523 479 3577 petenti
504 3526 530 3566 ut
555 3522 606 3577 ipse
633 3523 728 3575 ederet,
754 3521 853 3564 tradidit
879 3521 1005 3565 edendum.
1050 3519 1154 3574 Scripsit

27 3609 105 3653 etiam
122 3609 147 3651 in
163 3609 267 3663 pueritia
284 3608 385 3653 Flaccus
396 3613 567 3663 praetextatam
577 3612 601 3654 et
612 3599 825 3676 Ὅδοιπορικῶν
836 3607 925 3651 librum
943 3619 1033 3661 uuum,
1054 3610 1078 3650 et
1093 3618 1153 3660 pau-

25 3708 73 3739 cos
93 3695 163 3738 uxori
182 3696 305 3739 Thraseae
319 3695 344 3739 in
362 3694 459 3739 Arrlam
480 3699 582 3739 matrem
599 3706 684 3738 versus
694 3723 703 3747 ,
723 3706 826 3751 quaese
845 3698 900 3739 ante
920 3694 999 3738 virum
1018 3693 1150 3738 occiderat.

24 3781 121 3826 Omnia
138 3786 218 3826 autem
238 3795 266 3826 ea
282 3780 403 3826 Cornutus
418 3785 501 3826 auctor
518 3763 570 3825 luit
586 3781 659 3824 matri
677 3781 729 3825 eius
748 3785 773 3824 ut
790 3780 908 3825 aboleret.
944 3780 1041 3825 Editum
1064 3780 1152 3824 librum

24 3867 144 3912 continuo
161 3868 247 3911 mirari
265 3867 374 3912 homines
391 3873 416 3913 et
432 3867 537 3923 diripere
555 3871 694 3922 coeperunt.
730 3866 840 3911 Decessit
857 3873 936 3913 autem
947 3868 1006 3912 uitio
1023 3866 1151 3921 stomachi,

23 3968 91 3999 anno
109 3955 196 3999 aetatis
213 3953 326 4000 lxlix.
363 3952 503 4015 (Integrnm
520 3952 621 3998 cerensi
636 3951 717 3999 Reisii
732 3950 809 3998 huiua
827 3953 892 3999 uitus
904 3955 1150 4000 recensionemcom-

19 4039 173 4100 parendum
190 4053 248 4086 cum
265 4040 448 4087 recentioribus
465 4040 580 4086 Suetonii
595 4038 756 4087 editionibus.
776 4037 838 4098 Os.)
