2762 4762
236 367 290 428 Ex
313 386 378 448 quo
401 365 556 432 distineor
576 368 692 432 finibus
715 368 844 435 Alutae

176 468 250 530 Neo
272 478 407 531 mustum
429 470 551 550 patriae
572 471 714 536 bibo

238 570 317 643 Me,
341 570 369 631 si
390 570 455 633 iata
476 572 611 648 volunt,
636 572 771 679 accipiat
792 575 879 641 lacus

159 671 282 733 Trans
304 670 470 735 Maeotida
493 672 638 758 nigrior·

237 772 330 835 Ultra
352 771 556 843 Sauromatas
579 776 705 843 deferar
727 777 855 843 ultimos

175 873 221 935 Et
243 893 339 937 ranae
360 874 434 959 iuga
457 876 612 944 Phasidis

240 975 313 1053 Qua
334 997 479 1039 convexa
502 989 612 1059 patent
632 978 772 1045 aetheris
794 981 891 1057 atria,

176 1077 312 1140 Vastam
335 1076 485 1157 possideo
508 1081 647 1143 domum.

206 1188 213 1195 '
241 1178 307 1240 Hie
328 1182 396 1240 sum
420 1190 529 1255 natus,
552 1180 606 1243 ubi
628 1201 706 1246 sum.
730 1181 920 1249 ‘Celebrem
943 1182 1018 1247 loco

174 1278 215 1343 ln
237 1280 353 1363 quovis
375 1279 508 1361 patriam
533 1281 594 1343 viri

241 1381 357 1444 Fortes
380 1381 545 1459 inveniunt
566 1384 619 1445 vel
639 1383 760 1446 iaciunt
782 1383 853 1446 siut.
960 1400 963 1407 ’

179 1483 290 1545 Eheu!
315 1483 386 1562 plus
408 1482 506 1546 nimio
528 1498 673 1559 tnetnor',

242 1584 387 1647 Natalem
411 1583 555 1669 quereris
577 1588 714 1666 perdere
737 1586 908 1670 glebulam.

179 1687 432 1766 Transportatus
455 1707 489 1748 es
511 1707 552 1748 ex
573 1694 649 1760 tuo,

100 1770 105 1781 ’
241 1787 317 1849 Non
341 1786 460 1850 eiectus
483 1796 578 1871 agro.
623 1787 731 1852 Crede
753 1788 910 1853 coloniam

179 1886 319 1951 Romani
340 1887 399 1951 tibi
421 1888 528 1952 militis
1130 1890 1171 1953 35

245 1989 452 2053 Concessam.
498 1991 636 2053 Veteres
659 1989 823 2054 Ausoniae
846 1993 961 2069 duces,

180 2090 304 2172 Spretis
327 2089 487 2154 montibus
509 2091 614 2167 ltalia,

243 2193 340 2272 Quod
356 2184 508 2268 ulerunt,
531 2193 687 2255 habitant.
733 2193 873 2279 Corrige
896 2195 1011 2259 tristia.

179 2292 335 2369 Caelum,
360 2316 425 2377 quo
448 2294 566 2379 tegeris
590 2305 704 2376 caput,

245 2401 399 2473 Terram,
423 2417 504 2481 quae
525 2396 669 2479 prologo
693 2396 861 2460 subiicitur
883 2398 975 2480 pedi,
1133 2399 1174 2458 do

182 2500 286 2563 Nemo
308 2499 435 2561 auferre
459 2508 578 2578 potest.
623 2498 720 2559 Vale.

244 2599 386 2663 Miruml
411 2601 532 2681 Sponte
554 2597 632 2660 fides
654 2610 703 2661 ter
725 2600 889 2663 recinunt:
927 2601 1026 2663 Vale.

505 2792 728 2808 W

73 2963 179 3027 viu.
210 2960 274 3024 no
297 2961 340 3025 o.
364 2960 607 3024 mantuam
631 2959 947 3035 assumentum,
975 2959 1025 3022 1u
1047 2958 1152 3024 ntus

459 3078 764 3159 ‘unuvtouno

51 3226 154 3305 Quae
175 3232 228 3285 est
241 3221 327 3296 ista,
352 3240 439 3304 puae
455 3218 611 3283 ascendit
625 3219 667 3281 de
677 3218 834 3293 ¹desorto,
858 3217 989 3280 deliciis
1003 3215 1174 3306 affluens,

11 3322 21 3385 l
239 3340 365 3403 ittoiaen
385 3361 490 3420 erepet·
511 3338 674 3400 dilectum
695 3338 820 3400 suum?
842 3336 939 3401 Cant.
963 3337 995 3400 8.

227 3479 304 3558 Quo
322 3478 376 3540 die
396 3476 492 3539 terris
514 3490 692 3577 properans
713 3475 833 3538 relictis
897 3474 905 3483 “

228 3582 313 3641 Tota
329 3578 480 3661 migrasti
502 3598 599 3660 super
622 3575 724 3651 astra,
749 3577 879 3658 Virgo,

230 3680 382 3743 Floribus
405 3691 538 3742 stratum
554 3679 619 3741 tibi
641 3670 751 3763 tergus
774 3677 879 3740 ineur-

313 3780 401 3843 eavit
425 3781 600 3862 Olympus:
717 3816 721 3823 ·

231 3918 354 3993 Dulce,
379 3929 410 3982 te
433 3918 501 3980 visa
524 3920 707 4002 gradiente,
732 3916 811 3980 caeli

230 4020 368 4084 Carmen
391 4021 530 4083 auditum
554 4032 725 4084 resonare:
750 4019 885 4097 „Qualis

230 4121 297 4183 Ista
319 4142 379 4200 per
401 4119 513 4204 nigrae
536 4123 617 4185 lora
630 4135 720 4185 senta
741 4123 840 4229 silvae
863 4131 896 4183 et

314 4221 457 4285 Horrida
470 4233 609 4305 tesqua,

111 4327 142 4367 t:
144 4328 189 4366 1
131 4340 200 4379 ς
190 4323 272 4364 1³
246 4328 272 4362 e
287 4320 316 4363 t
317 4329 332 4362 s
907 4322 948 4383 24
