2736 4748
1097 184 1160 252 209

34 343 100 410 Hic
122 353 229 408 tamen
251 354 283 407 et
306 339 458 408 Cimbros
480 349 513 406 et
535 360 657 406 sumnia
676 337 819 424 pericula
840 361 950 405 rerum

33 444 174 528 Excipit
195 454 229 508 et
248 443 338 509 solus
358 443 566 526 trepidantem
589 441 735 528 protegit
757 444 937 508 Urbem.¹
1098 441 1162 515 250

34 548 149 633 Atque
173 544 246 610 ideo
268 555 439 629 postquam
460 547 499 608 ad
522 544 675 610 Cimbros
697 556 900 628 stragemque
921 543 1096 622 volabaut,
1141 582 1145 601 2

36 647 101 729 Qui
125 668 287 732 nunquam
308 644 480 730 attigerant
503 642 623 710 maiora
643 648 817 722 cadavera,
839 644 954 723 corvi,

34 749 170 814 Nobilis
193 760 326 812 ornatur
348 747 441 812 lauro
462 748 590 832 collega
611 748 764 813 secunda.

33 850 195 915 Plebeiae
216 848 391 914 Deciorum
414 847 553 923 animae,
576 847 699 931 plebeia
722 848 852 912 fuerunt
1155 916 1159 924 ,

34 951 200 1017 Nomina:
223 972 285 1033 pro
309 949 384 1015 totis
406 950 590 1034 legionibus
611 950 646 1013 bi
667 961 770 1013 tamen
793 959 826 1013 et
847 969 910 1034 pro
1099 950 1162 1016 255

36 1052 200 1118 Omnibus
222 1051 345 1116 auxiliis
370 1063 474 1135 atque
488 1052 573 1115 omni
595 1053 680 1132 pube
702 1050 822 1115 Latina

35 1153 208 1218 Sufficiunt
229 1154 289 1219 Dia
310 1152 443 1217 infernis
467 1156 653 1237 Terraeque
674 1151 823 1236 parenti3

34 1254 151 1322 Pluris
175 1255 254 1317 enim
277 1253 393 1331 Decii,
417 1275 510 1339 qnam
534 1276 616 1338 quae
638 1266 806 1336 servantur
828 1256 868 1317 ab
889 1252 965 1321 iltis.

35 1356 174 1430 Ancilla
196 1367 286 1418 natus
308 1357 450 1419 trabeam
473 1365 504 1417 et
526 1356 666 1419 diadema
690 1354 817 1436 Quirini

36 1459 85 1522 Et
107 1458 214 1520 fasces
236 1456 369 1532 meruit,
394 1477 506 1541 regum
530 1456 656 1519 ultimus
677 1454 731 1519 ille
753 1457 929 1519 bonorum.
1100 1459 1163 1527 260

35 1558 181 1624 Prodita
203 1561 354 1620 laxabant
374 1569 539 1640 portarum
562 1559 700 1620 claustra
724 1556 865 1637 tyrannis

35 1660 219 1723 Exsulibus
240 1658 370 1723 irivenes
392 1658 492 1740 ipsius
515 1658 655 1729 consulis
677 1670 710 1722 et
731 1679 813 1742 quos

36 1760 202 1842 Magnum
225 1759 344 1843 aliquid
364 1759 460 1822 durbia
482 1781 545 1842 pro
567 1761 717 1825 libertate
739 1763 886 1838 deceret,

36 1861 142 1940 Quod
166 1858 330 1923 miraretur
351 1882 423 1925 cum
447 1859 574 1925 Coclite
596 1861 726 1929 Mucius
747 1870 779 1924 et
801 1883 881 1944 quae

34 1960 178 2042 Imperii
197 1962 299 2037 fines,
325 1962 543 2039 Tiberinum,
557 1962 652 2046 virgo
675 1961 809 2027 natavit.

4 2102 8 2107 ·
37 2062 185 2127 Occulta
206 2064 246 2124 ad
267 2065 383 2145 Patres
406 2063 516 2126 eduxit
538 2063 667 2127 crimina
690 2085 803 2127 servits

34 2163 208 2227 Matrouis
229 2163 406 2247 lugendnss
429 2176 461 2226 at
482 2165 556 2228 illos
580 2168 714 2228 verbera
735 2163 825 2228 iustis

35 2264 202 2328 Afficiunt
222 2264 337 2348 poenis
361 2277 392 2329 et
414 2266 519 2350 legum
542 2265 645 2347 prima
667 2268 804 2330 sentiris.-

82 2366 182 2430 Malo
205 2377 296 2447 pater
317 2364 374 2429 tibi
396 2366 437 2429 sit
459 2368 649 2444 Thersites,
673 2370 845 2432 desmmodo
869 2380 903 2433 tu
925 2368 968 2432 sis

34 2465 208 2530 Aeacidae
225 2465 337 2531 siruilis
360 2466 584 2552 Volcaniaque
606 2490 691 2532 arma
714 2491 879 2552 capessas,
1013 2497 1016 2503 ¹
1101 2472 1164 2537 270

36 2568 151 2647 Quam
173 2579 206 2631 te
228 2570 393 2632 Thersitae
415 2568 547 2633 similem
570 2575 726 2653 producat
749 2572 909 2657 Achilles.
1152 2569 1156 2573 ’

34 2670 87 2759 Et
109 2678 235 2744 tamen,
260 2681 295 2732 ut
315 2671 412 2755 longe
432 2679 561 2754 repetas
584 2674 744 2757 longeque
765 2676 918 2740 revolvas
1006 2674 1011 2681 ’

33 2773 195 2849 Nomen,
219 2773 260 2836 ab
281 2770 389 2837 infami
411 2785 537 2858 gentem
559 2774 686 2838 deducis
709 2776 798 2856 asylo

31 2997 102 3044 feeit
120 2997 236 3043 Cicero.''
282 2999 405 3046 Ridiculae
430 3006 485 3045 sunt
508 3002 622 3047 lectiones
653 3003 735 3048 schol.
764 3008 925 3049 memoratae:
958 3008 1052 3058 mente,
1079 3010 1163 3062 ponte.

33 3065 106 3111 2t1.
126 3065 170 3125 nc]
196 3068 335 3115 ABCDEG.
354 3076 378 3115 sl
395 3071 423 3118 F.
442 3071 531 3129 Vulgo.
550 3070 648 3116 Leaena
665 3086 721 3127 opp.
742 3071 875 3117 Leucadiae
894 3074 1030 3127 perrinsulaa
1050 3069 1098 3117 200
1117 3079 1167 3116 sta.

32 3137 80 3179 dia
101 3137 207 3180 distabat
231 3137 262 3182 ab
291 3137 371 3184 Aello.
418 3136 478 3184 265.
498 3141 514 3184 i.
535 3154 558 3184 s.
577 3140 681 3186 Marius.
698 3138 821 3195 Arpinum
840 3141 862 3182 iu
888 3142 983 3184 Volscis
1007 3142 1078 3183 situm
1102 3146 1164 3186 erat.

32 3201 106 3249 247.
130 3202 214 3263 eitam]
241 3207 284 3261 „A
302 3209 440 3253 centurione
460 3208 591 3263 vapulando
619 3223 663 3253 sno
689 3209 781 3254 vertice
801 3208 879 3265 frangi
907 3209 1041 3264 patiebatur
1072 3209 1165 3253 Marius

30 3275 135 3326 vitem,
156 3288 228 3330 quum
244 3276 385 3325 militabat.”
401 3277 483 3322 schol.
520 3273 579 3321 253.
601 3278 631 3334 Q.
650 3277 760 3320 Lutatius
774 3275 893 3321 Catulus.
932 3274 991 3325 254.
1011 3291 1035 3320 r.
1055 3276 1108 3321 biv.
1130 3276 1165 3332 8,

31 3340 64 3388 9.
93 3337 138 3396 to,
159 3340 202 3386 28.
220 3343 273 3389 cie.
292 3345 413 3400 Tunc-1,
434 3343 476 3390 37.
496 3345 550 3389 Tin.
571 3342 596 3398 2,
618 3344 660 3392 19.
681 3343 740 3391 256.
754 3342 832 3402 pube]
851 3345 945 3392 ACFG.
960 3345 1074 3403 -plebe
1091 3345 1163 3390 BDE.

31 3409 105 3456 258.
126 3424 203 3469 quom
220 3412 263 3471 qui
279 3427 325 3457 nou
347 3416 409 3460 tnale
433 3414 568 3460 ABCDEF.
588 3434 625 3450 -ι
643 3428 705 3474 quae
723 3420 801 3458 tannen
820 3414 891 3458 babet
909 3414 939 3458 G.
959 3420 982 3458 et
999 3414 1109 3457 babuisse
1128 3416 1168 3457 vi-

30 3482 115 3524 detur
135 3480 218 3524 schol.
239 3482 345 3540 Saragall.
365 3484 398 3528 ita
414 3486 602 3538 interpretatus:
622 3485 699 3539 ,Plus
720 3483 800 3527 meriti
819 3483 935 3527 habentur
947 3480 1080 3538 (babenti)
1098 3483 1167 3526 Decii

29 3549 105 3603 apud
126 3549 205 3601 deos,
233 3551 289 3594 dum
310 3552 334 3596 bi
361 3566 388 3597 sa
415 3565 461 3608 pro
478 3554 555 3608 putria
576 3558 707 3608 voverunt,
739 3565 809 3608 qnam
832 3552 903 3595 babet
927 3554 977 3606 ipsa
1001 3552 1078 3605 patria
1106 3553 1168 3606 apud

29 3619 103 3661 deos
123 3617 221 3671 meriti,
246 3632 306 3676 quaa
325 3626 420 3666 serrata
438 3622 500 3665 est.'¹
546 3619 595 3667 260
626 3623 724 3666 Servius
742 3622 836 3666 'l'nllins
856 3633 885 3664 ea
904 3620 1017 3673 Occisis,
1050 3620 1167 3676 Cornicu-

27 3687 96 3729 lana
116 3687 228 3741 captiva,
246 3692 324 3732 uatus.
361 3688 421 3735 266.
442 3688 589 3745 Vindicius,
609 3704 631 3736 s.
651 3689 751 3735 Vindex
769 3703 793 3733 v.
812 3688 866 3732 Liv.
886 3686 920 3743 2,
941 3685 965 3734 5.
1003 3688 1040 3732 lb.
1068 3684 1168 3746 eduxit]

27 3767 130 3799 omnes
151 3759 242 3808 septem
260 3759 307 3802 mei
326 3772 380 3803 cnm
398 3759 478 3803 attollis
501 3760 574 3815 aliis3
594 3761 664 3818 idque
683 3771 765 3802 rerum
787 3758 908 3801 eristitno.
932 3757 1049 3801 Similiter
1064 3755 1169 3801 eductus

1 3853 2 3857 ,
24 3820 72 3867 ard
92 3824 215 3867 eonsules
234 3838 273 3880 ap.
303 3825 356 3871 Cic.
381 3840 425 3882 pro
452 3828 552 3872 Plancio
571 3825 614 3872 25.
634 3832 772 3882 corruptum
789 3826 835 3869 fnit
858 3827 881 3870 iu
900 3825 1039 3878 adductus,
1065 3826 1129 3870 utb.
1150 3825 1168 3871 1.

24 3892 164 3937 editiones
186 3899 286 3948 occupat
308 3894 442 3952 produxit.
468 3895 545 3940 esen
567 3895 592 3941 2.
612 3895 749 3946 conduxit,
779 3907 838 3942 neers
860 3893 977 3939 deduxit.
1029 3892 1089 3938 268.
1109 3891 1169 3954 Affi-

23 3960 112 4005 circat
141 3961 227 4020 legum
248 3964 338 4020 poeuis
356 3970 380 4008 el
395 3966 480 4022 prime
498 3965 614 4024 securis;
631 3963 754 4018 ·llupcrtii
779 3964 884 4018 suspicio
902 3965 1028 4007 admodum
1047 3962 1168 4019 languida.

24 4029 123 4086 „Quis
150 4031 242 4084 primus
263 4035 346 4077 consul
374 4034 462 4080 Brutus
481 4048 579 4079 secures
600 4033 718 4088 accepit.’'
745 4032 827 4077 Sobel.
876 4031 921 4076 Est
939 4034 1029 4090 igitur,
1056 4035 1082 4072 ut
1104 4032 1169 4072 reete

23 4098 131 4157 Pinzg.
152 4100 294 4147 sententiam
312 4103 452 4157 declaravit,
465 4105 649 4153 ewslruendutn
661 4117 719 4156 non,
738 4105 764 4145 ut
782 4114 827 4159 ego
842 4101 968 4155 aliqnando
980 4100 1042 4142 falso
1055 4097 1169 4148 feceram,

22 4167 146 4213 soceris
160 4168 249 4226 primo
266 4171 351 4230 legum
369 4172 387 4215 i.
407 4185 430 4216 e.
450 4185 543 4215 auruma
558 4172 692 4225 severitas,
711 4170 852 4224 suppliciunt
872 4169 975 4211 sontium
994 4167 1114 4220 imperans
1132 4177 1170 4207 ee·
1192 4226 1193 4233 ἵ

23 4241 156 4294 terasque
186 4237 268 4295 leges,
298 4243 418 4298 tamquam
437 4241 529 4295 prima,
549 4253 593 4284 suo
607 4245 707 4284 ¹terrore
725 4239 861 4292 sustinens3
887 4237 945 4279 aad:
959 4233 1047 4291 prime
1071 4231 1171 4275 securis
