2736 4748
42 459 198 526 Carmine
219 460 380 544 perplexo
402 470 507 531 vatem
529 461 657 528 virtutis
679 465 858 529 Homerum

108 566 279 628 Vexarunt
301 562 412 647 pueri,
436 585 519 648 quios
542 566 707 645 generavit
730 569 799 630 los.

43 667 267 734 Nectarescd
287 674 372 750 puro
395 685 515 746 corpus
538 668 694 731 Nereides
716 680 844 730 uinctum
877 748 880 751 ¹

109 765 267 848 Contigui
290 767 425 847 scopulo
448 787 649 846 supposuere
672 769 785 832 maris:
953 842 957 849 ff

44 868 145 946 Qiaod
168 866 285 931 Thetin
308 878 339 929 et
363 869 520 930 Thetidos
541 880 646 931 uatium
669 881 700 931 et
722 869 869 952 patientis
892 869 982 935 Ulixi
1045 928 1053 956 ι

109 971 252 1037 Errores
275 969 388 1031 cecinit
408 969 558 1052 factaque
580 971 666 1033 clara
689 974 814 1037 diacum.

44 1069 93 1132 Sit
117 1092 181 1132 non
205 1090 318 1150 magna
341 1069 433 1145 licet,
457 1068 535 1132 lelix
558 1070 614 1135 los
636 1072 737 1135 insula
759 1071 869 1154 ponti,
976 1110 983 1121 ·

111 1172 280 1235 Musarum
303 1169 389 1234 sidus
410 1192 493 1254 quiae
515 1172 594 1255 tegit
616 1184 647 1237 et
669 1174 849 1236 Venerum'.

579 1358 632 1421 13.

46 1477 93 1539 Os
117 1496 286 1558 maguum,
309 1477 397 1559 quand
421 1475 610 1539 Suada'iuit
633 1476 839 1551 mortalibus,
864 1496 973 1539 orsum

109 1577 305 1639 Maeonidae
328 1577 434 1639 Musis
457 1599 557 1660 aequa
580 1599 696 1641 sonare
718 1589 831 1658 caput,

45 1678 112 1740 Hic
135 1678 167 1740 in
189 1679 229 1739 lo
249 1677 359 1761 pelagi
380 1680 531 1759 scopulus
553 1690 656 1761 tegna
679 1701 749 1740 natu
772 1700 865 1741 sacer
887 1679 938 1744 ille

109 1777 248 1859 Spiritus
271 1780 354 1840 liaud
376 1779 434 1841 alia
452 1781 597 1842 -meinbra
620 1780 749 1863 reliquit
770 1782 893 1853 humo;

45 1879 122 1957 Quo
145 1890 253 1940 nutum
276 1879 390 1942 cecinit
412 1881 504 1943 Iovis
526 1891 559 1943 ct
580 1880 727 1943 caelestia
749 1880 885 1963 templa,

110 1981 213 2043 Aiace
235 1993 266 2042 et
288 1992 370 2043 tutas
393 1980 517 2043 vindice
539 1982 623 2044 mille
645 1993 742 2043 rates.

45 2082 89 2143 Et
112 2081 166 2163 quii
189 2082 370 2145 Dardanios
392 2081 580 2163 permiscuit
603 2083 730 2163 ossibus
754 2103 851 2165 agros

108 2184 233 2244 Vectus
255 2181 286 2244 in
309 2182 487 2245 Aematliiis
510 2184 637 2246 Hector
659 2181 795 2245 Achillis
817 2182 919 2265 equis.

43 2284 114 2346 Nec
137 2304 238 2366 grave
260 2283 332 2365 dic,
357 2293 477 2344 tantum
499 2284 623 2346 tantilla
646 2286 733 2366 quand
755 2283 857 2346 insula
881 2285 1003 2346 condo:

108 2387 216 2449 Parva
240 2384 343 2448 virum
366 2385 523 2448 'l'hetiilos
545 2384 593 2448 sic
614 2384 760 2467 sepelivit
782 2385 870 2448 Icos.

580 2553 633 2614 ll.

46 2671 189 2755 lllagnns
215 2672 379 2735 Homerus
401 2671 454 2734 hic
476 2681 543 2745 est,
567 2671 656 2734 cuius
679 2671 819 2752 sapiente
843 2670 983 2736 Camena

111 2775 281 2855 Splendida
305 2785 493 2855 perpetuum
518 2773 654 2836 Graecia
677 2794 791 2836 nornen
814 2776 926 2847 habet;

46 2876 131 2957 Argi
154 2874 345 2956 praecipue,
371 2896 507 2957 qnorum
532 2874 564 2936 vi
586 2873 690 2936 diruta
712 2887 847 2955 propter

111 2976 276 3054 Tyndarin
299 2976 352 3038 illa
375 2975 442 3037 deis
464 2975 590 3038 condita
615 2975 714 3039 Troia
738 2976 838 3048 iacet;
911 2958 914 2965 ⁴
947 3044 949 3049 ¹

46 3079 161 3161 Atque
183 3080 226 3139 ob
248 3077 280 3138 id
302 3089 473 3161 aequantes
494 3077 582 3140 illum
605 3076 795 3137 caelestibus
816 3074 922 3147 urbis,

110 3177 258 3245 Eximiae
280 3178 366 3241 cives
389 3180 453 3240 hoc
474 3198 613 3259 posuere
635 3178 724 3240 loco.

576 3344 629 3406 to.

47 3466 146 3547 Ipsae
167 3474 199 3525 te
222 3463 320 3527 inedia
342 3464 582 3530 viderunt‘luce
605 3461 785 3538 Camenae,
831 3455 833 3459 ’
872 3503 877 3513 ·

112 3566 276 3641 Hesiode,
300 3565 332 3626 in
355 3586 477 3629 stimmo
500 3583 633 3646 pascere
656 3575 763 3626 monte
785 3583 903 3646 pecus,

49 3664 293 3751 Carpentesque
315 3686 404 3728 sacra
426 3665 578 3746 Daphnes
602 3685 643 3727 ex
666 3665 785 3729 arbore
807 3685 939 3741 reiorum¹

114 3767 277 3832 Vestitum
301 3767 395 3831 viridi
415 3767 532 3832 lroude
554 3769 670 3831 dedere
691 3766 768 3843 tibi,
889 3802 892 3809 ,

190 4038 368 4096 Humoremque
387 4036 497 4094 almum,
517 4039 660 4086 Parnasslas
679 4036 831 4093 Hippocrene

225 4109 278 4164 Quo
296 4108 369 4162 fluit,
389 4109 473 4165 aligeri
492 4109 546 4155 fons
566 4110 625 4162 pede
642 4112 729 4162 ruptus
746 4107 811 4163 eqni.

75 4191 81 4196 “
192 4175 257 4221 Haec
278 4179 398 4232 tuleruut;
418 4181 485 4219 sator
503 4178 540 4221 his
559 4178 686 4230 cecinisti,
707 4188 793 4233 magne
813 4176 901 4228 poete,

228 4246 297 4302 Quod
314 4257 390 4305 genus
409 4250 446 4292 cst
463 4245 523 4291 divis
541 4248 652 4304 qnodque
671 4258 731 4301 opus
749 4241 879 4307 agricolis„
