2772 4750
240 200 279 263 ts

238 355 480 421 concelebrare
500 348 646 416 homines
665 358 798 432 possent
820 347 988 434 aureisque
1009 348 1137 414 iuvare.
1287 351 1363 415 1080

235 459 280 522 Et
303 454 450 539 Zephyri
472 474 551 517 cava
572 473 634 536 per
653 451 848 515 calamorum
869 449 965 515 sibila
982 450 1122 533 primum
1379 450 1380 459 ’

234 557 405 643 Agresteis
432 560 572 621 docuere
593 573 689 617 cavas
710 551 823 629 inflare
847 552 983 617 cicutas.

233 661 313 724 Inde
335 657 510 723 minutatim
532 654 653 719 dulceis
678 654 819 719 didicere
840 656 1004 740 querelas,

236 761 332 825 Tibia
352 781 431 845 quas
453 757 558 823 fundit
580 755 692 841 digitis
714 756 838 838 pulsata
861 769 1045 834 canentum,

234 862 320 925 Avia
344 883 402 943 per
424 881 556 924 nemora
577 880 615 922 ac
637 857 734 921 silvas
755 857 915 942 saltusque
936 870 1084 940 reperta,
1280 861 1357 924 1385

235 966 301 1027 Per
318 964 392 1027 loca
414 972 579 1045 pastorum
602 963 727 1023 deserta
749 971 843 1044 atque
867 958 933 1024 otia
955 960 1021 1023 dia.

302 1064 356 1129 Sic
378 1085 472 1126 unum
495 1060 653 1148 quidquid
674 1060 838 1142 paullatim
861 1061 1026 1143 protrahit
1048 1074 1135 1127 aetas

233 1167 274 1230 In
301 1164 437 1228 medium
458 1163 608 1248 ratioque
630 1161 662 1224 in
686 1161 812 1225 luminis
834 1162 918 1226 eruit
940 1183 1029 1227 oras.

297 1270 390 1331 Haec
411 1264 534 1329 animos
556 1263 630 1329 ollis
652 1264 834 1328 mulcebant
855 1276 951 1349 atque
966 1263 1126 1329 iuvabant

238 1368 320 1435 Cuiu
343 1368 453 1432 satiate
476 1367 561 1431 cibit
585 1387 655 1429 nam
678 1378 744 1429 tum
766 1377 838 1429 sunt
861 1366 969 1429 omnia
992 1367 1100 1431 cordi.
1279 1372 1358 1436 1390

298 1474 401 1552 Saepe
423 1468 530 1555 itaque
552 1467 691 1532 intense
713 1467 889 1550 prostratei
912 1466 946 1531 iu
969 1469 1114 1552 gramine
1138 1470 1234 1536 molli

180 1640 184 1647 ,
236 1575 380 1655 Propter
402 1591 502 1656 aquae
522 1570 646 1646 rivum,
670 1571 728 1634 sub
750 1569 849 1632 ramis
872 1570 1002 1635 arboris
1024 1571 1125 1648 altae,

234 1676 312 1738 Non
335 1673 458 1758 magnis
480 1670 597 1754 opibus
617 1671 755 1743 iocunde
778 1692 923 1754 corpora
944 1674 1129 1737 habebantt

234 1773 447 1849 Praesertim,
470 1795 569 1859 quom
590 1782 761 1854 tempestas
783 1773 909 1836 ridebat
931 1785 963 1837 et
984 1773 1060 1838 anni

233 1879 399 1958 Tempora
417 1874 593 1959 pingebant
614 1873 801 1938 viridanteis
822 1871 959 1939 floribus
980 1877 1113 1941 herbas.
1277 1882 1357 1946 1395

236 1982 320 2042 Tum
342 1977 434 2052 ioca,
456 1987 521 2038 tum
544 1998 670 2052 sermo,
693 1988 758 2040 tum
782 1977 890 2040 dulces
912 1998 982 2041 esse
1005 1979 1177 2044 cachinnei

234 2079 458 2145 Consuerant:
484 2076 620 2162 agrestis
643 2077 727 2141 enim
748 2088 814 2140 tum
837 2100 925 2142 musa
948 2079 1097 2164 vigebat.

234 2184 319 2245 Tum
341 2191 437 2263 caput
459 2191 553 2263 atque
575 2182 727 2244 humeros
748 2178 853 2262 plexis
874 2179 1026 2245 redimire
1050 2184 1205 2262 coronis,

231 2281 388 2347 Floribus
411 2292 442 2345 et
464 2280 555 2344 foliis
576 2280 709 2346 lascivia
730 2282 813 2345 laeta
835 2284 987 2346 monebat

231 2387 342 2468 Atque
364 2394 457 2447 extra
478 2404 641 2446 numerum
664 2386 860 2465 procedere,
885 2388 1028 2449 membra
1050 2388 1231 2454 moventeis
1280 2393 1361 2455 1100

231 2486 383 2561 Duriter,
406 2496 438 2548 et
456 2487 537 2548 duro
560 2496 679 2547 terram
700 2487 781 2566 pede
800 2486 922 2567 pellere
945 2482 1097 2554 matrem:

234 2588 327 2652 Unde
350 2585 538 2651 oriebantur
561 2585 643 2649 nisus
667 2586 838 2673 dulcesque
859 2572 1025 2666 cachinni3

232 2687 348 2752 Omnia
369 2691 459 2773 quod
479 2708 564 2752 nova
586 2699 651 2750 tum
673 2688 775 2773 magis
797 2691 875 2754 haec
893 2704 925 2755 et
947 2694 1027 2758 mira
1049 2695 1220 2781 vigebant.

130 2876 131 2880 Ἰ
230 2791 276 2853 Et
297 2788 505 2875 vigilantibus
525 2788 601 2853 hinc
620 2793 753 2854 aderant
774 2792 889 2856 solatia
912 2815 1047 2875 somno,
1377 2818 1378 2897 q

230 2892 359 2955 Ducere
377 2889 571 2954 multimodis
593 2912 692 2956 voces
714 2902 746 2955 et
765 2894 896 2959 flectere
923 2910 1033 2962 cantus
1277 2909 1357 2971 1105

229 2996 274 3058 Et
292 3015 408 3077 supera
430 2991 570 3057 calamos
592 3015 677 3058 unco
696 3015 890 3075 percurrere
911 2997 1026 3065 labroc

232 3099 325 3163 Unde
348 3095 442 3160 etiam
464 3094 579 3180 vigiles
597 3082 681 3159 nunc
703 3098 783 3160 haec
803 3110 936 3182 accepta
952 3112 1082 3167 tuentur

227 3202 272 3265 Et
292 3197 433 3263 numeris
454 3218 585 3262 servare
607 3208 707 3282 genus
725 3196 885 3277 didicere3
908 3224 1010 3289 neque
1033 3206 1102 3271 hilo

282 3414 358 3464 1380.
378 3417 480 3462 Plautus
493 3412 616 3470 Gasimd,
632 3411 661 3470 3,
677 3415 701 3461 1.
719 3416 789 3478 Age,
801 3418 907 3475 tibicen,
920 3424 1080 3473 eucoiccntu
1092 3430 1247 3476 concelebra
1260 3447 1356 3480 ornnem

227 3486 293 3534 hanc
307 3489 420 3545 pluteum
437 3483 586 3544 hytnenceo.
625 3483 701 3530 1388.
721 3487 800 3546 erigit
816 3489 964 3548 Codunus,
981 3494 1129 3542 ntulisti.
1170 3498 1252 3547 1390.
1272 3508 1357 3551 omnin

227 3559 303 3605 Codd.
314 3557 375 3603 Edd.
387 3560 445 3602 vett.
460 3554 488 3601 L.
501 3554 593 3598 Eichst.
614 3578 647 3589 —
664 3555 718 3599 otiu
732 3555 793 3600 Cod.
808 3570 878 3604 nnus.
891 3561 950 3605 Feb.
963 3564 1026 3608 coni.
1040 3565 1070 3610 11.
1085 3568 1128 3612 W.
1149 3571 1246 3615 Verum
1260 3582 1357 3621 senten.
1374 3612 1375 3615 ,

226 3629 260 3675 tia
282 3629 341 3673 hece
365 3631 416 3673 est:
454 3629 526 3679 „tum
557 3626 652 3669 deinum
684 3625 759 3671 libore
787 3640 831 3671 nos
859 3629 1002 3676 delectamus
1029 3636 1148 3694 genioque
1176 3628 1375 3713 indulgemus.”l

228 3696 305 3745 etot.
324 3696 407 3743 coemi
426 3695 456 3740 L.
473 3694 504 3740 Η.
531 3692 563 3738 Ut
578 3707 638 3749 nos,
657 3695 729 3739 etiam
742 3694 772 3740 C.
788 3696 819 3740 Ε.
875 3695 952 3744 1108.
972 3715 1051 3749 reuco
1067 3706 1137 3752 Brix.
1156 3707 1306 3758 Codd.Pii.
1328 3736 1356 3748 .-

226 3768 275 3816 udo
288 3769 369 3814 Bentl.
408 3761 485 3811 1407.
503 3764 591 3819 „Unde
610 3765 684 3810 etiem
700 3779 763 3809 nuno
780 3765 909 3822 ascribite,
930 3773 1056 3827 custodes,
1077 3776 1118 3832 qui
1137 3791 1253 3824 somnum
1272 3797 1357 3828 arcere

224 3841 321 3895 volunt,
341 3841 438 3883 cantare
455 3834 560 3880 eotent.”
585 3834 638 3881 Cir.
657 3834 769 3887 Aeschyli
787 3835 928 3893 dgainemn.
944 3837 985 3885 te.
1005 3834 1081 3892 dccv
1097 3842 1122 3893 δ’
1136 3827 1250 3898 (impu.
1268 3846 1294 3916 ἦ·
1309 3818 1374 3916 sti

223 3905 367 3981 adprobas
383 3902 480 3961 δοκῶ,
511 3896 606 3955 ὕπνου
624 3901 685 3954 τόδ·
702 3898 887 3968 ἀντίμολπον
903 3903 1051 3973 ἐντέμνων
1068 3904 1145 3977 ἄκος
1162 3931 1190 3966 κ.
1203 3931 1230 3968 e.
1253 3918 1282 3970 λ.
1303 3925 1356 3966 Art·

225 3982 304 4035 etoph.
319 3978 382 4024 Nub.
403 3971 464 4022 720.
484 3970 620 4044 φρουρᾶς
637 3965 729 4042 ᾅδων.
784 3972 861 4021 1408.
880 3979 993 4024 numeria
1005 3980 1067 4027 Edd.
1087 3990 1145 4029 vett.
1167 4007 1198 4019 -
1217 3989 1357 4036 nme-dm

224 4050 256 4094 Α.
269 4050 300 4094 1..
310 4049 341 4093 Η.
370 4045 467 4104 [sicque
486 4045 559 4088 etiem
574 4042 645 4088 c.1t.
666 4042 748 4086 Nihilo
763 4044 842 4087 minus
857 4047 933 4091 altera
949 4049 1019 4094 lectio
1037 4067 1203 4104 „conservare
1222 4072 1302 4105 snum
1319 4076 1358 4121 ge·

226 4131 269 4164 nus
288 4118 389 4177 singulis
406 4113 538 4159 numeris”
560 4114 640 4168 aptior
658 4108 772 4169 videtum]
828 4110 903 4161 1409.
924 4117 963 4161 Sic
985 4120 1058 4165 etiam
1075 4122 1107 4169 E.
1138 4124 1200 4173 Est:
1226 4131 1358 4184 „fructum

225 4189 317 4233 maiore
329 4187 453 4231 dulcedine
465 4182 626 4239 praeditum.'’
646 4204 679 4215 ·-
696 4180 818 4225 maiorem
831 4207 841 4217 -
854 4207 864 4220 ·
875 4183 1007 4232 dulcedine
1018 4189 1045 4237 C.
1060 4212 1097 4226 -
1109 4195 1236 4242 maiorem
1249 4225 1261 4237 ·
1274 4225 1287 4238 -
1304 4201 1358 4247 det-

225 4255 316 4304 ccdisri'
333 4257 362 4303 Ι..
383 4255 414 4301 ll.
472 4248 548 4297 1113.
578 4250 710 4296 Construee
737 4249 930 4312 „Posteriocque
957 4256 1009 4304 fere
1033 4263 1122 4308 iuelior
1146 4279 1187 4312 res
1211 4271 1302 4325 perdit
1321 4273 1360 4316 itta
