2750 4744
185 138 246 203 186

250 296 377 360 Sistra?
401 294 477 378 quid
498 292 529 355 in
557 311 660 355 vacuo
682 288 864 351 secubuisse
887 283 989 347 toro?

187 398 293 479 Quom
314 396 443 478 rapiunt
465 392 547 455 mala
568 392 634 459 tata
656 391 781 462 bonos,
805 385 978 471 (ignoscite
999 384 1124 461 sassoz)

252 498 419 563 Sollicitor
442 496 545 558 nullos
570 512 639 559 esse
662 502 775 572 putare
798 490 891 552 deos.

188 600 277 666 Vive
297 599 389 681 pins,
414 596 552 659 moriere
574 594 670 675 pius:
699 591 771 655 cole
793 609 903 665 sacra,
929 589 1085 652 colentem

250 703 349 765 Mors
373 698 481 783 gravis
505 717 520 757 a
544 694 670 776 templis
693 693 723 754 in
746 714 824 756 cava
847 695 938 754 busta
961 692 1078 752 trahet.

188 801 392 869 Carminibus
414 798 539 862 confide
561 796 671 859 bonis:
700 794 781 856 iacet
804 813 878 855 eece
901 791 1069 864 Tibullus3

253 903 321 964 Vix
344 911 487 963 manete
510 909 599 963 tanto
621 916 721 977 parva
744 896 832 976 quod
853 914 930 955 urna
955 892 1053 973 capit.

190 1007 301 1079 Tene,
325 1021 416 1065 sacer
440 1010 548 1071 vates,
572 999 716 1060 flammae
737 1014 872 1076 rapuere
894 995 1048 1076 rogales,
1074 1022 1080 1036 ·

252 1103 447 1169 Pectoribus
467 1100 556 1182 pasci
578 1121 636 1161 nee
657 1098 789 1159 timuere
812 1094 899 1158 tuis?

188 1208 299 1271 Aurea
322 1215 503 1266 sanctorum
526 1200 707 1283 potuissent
728 1197 845 1279 templa
868 1182 1000 1261 deorum

253 1308 378 1379 Urere,
404 1324 486 1386 qnae
510 1312 631 1365 tantum
654 1299 832 1362 sustinuere
854 1299 961 1361 nefas!

191 1406 324 1474 Avertit
345 1406 473 1479 voltus,
498 1401 615 1482 Erycis
638 1421 719 1483 quae
742 1399 884 1481 possidet
906 1421 1018 1461 arces:

256 1509 337 1573 Sunt
358 1526 505 1589 quoqne,
530 1504 585 1586 quii
606 1502 751 1565 lacrimas
773 1500 967 1565 continuisse
991 1512 1121 1584 negent.

193 1611 255 1673 Sed
277 1620 380 1671 tamen
402 1611 466 1672 hoe
488 1606 620 1680 melius,
645 1625 738 1689 quarn
761 1602 790 1665 si
813 1603 967 1665 Phaeacia
991 1602 1085 1664 tellus

256 1711 407 1793 Ignotum
430 1709 486 1772 vili
506 1705 726 1788 supposuisset
750 1706 858 1767 barino.

193 1810 279 1888 Hinc
301 1821 387 1872 certe
409 1807 551 1871 madidos
572 1806 722 1890 fugientis
745 1804 860 1886 pressit
882 1805 1003 1868 ocellos
1064 1818 1066 1823 ’

242 1913 365 1977 Mater
388 1910 471 1972 etin
494 1908 618 1971 cineres
640 1907 748 1969 ultima
771 1909 853 1968 dona
876 1903 965 1978 tulit3

192 2011 278 2078 Hinc
301 2032 398 2075 soror
420 2011 451 2073 in
473 2021 594 2091 partem
618 2008 732 2071 misera
755 2028 826 2069 cunr
850 2017 948 2068 matre
971 2005 1093 2068 doloris

255 2113 356 2176 Venit
376 2112 538 2175 inornatas
561 2110 705 2172 dilaniata
728 2129 849 2172 eomas.

194 2212 340 2297 Cumque
362 2214 423 2275 tuis
445 2233 502 2275 sua
522 2213 693 2273 iunxerunt
715 2210 924 2292 Nemesisque
946 2207 1104 2291 priorque

258 2314 377 2379 Oscula
399 2334 457 2377 nec
479 2314 567 2376 solos
590 2311 762 2374 destituere
785 2331 899 2392 rogos.

193 2412 287 2481 Delia
310 2414 494 2489 discedens,
519 2412 697 2487 „Felieius‚
721 2410 839 2492 inquit,
865 2423 965 2475 ainata
1275 2415 1322 2475 55

260 2516 334 2577 Sum
357 2514 434 2577 tibi:
461 2514 583 2590 vixisti,
608 2516 680 2575 dum
704 2524 775 2575 tuus
799 2511 881 2595 ignis
903 2512 1024 2576 eram.”

197 2615 260 2680 cui
283 2614 446 2689 Nemesis,
471 2614 599 2694 „Quid‚
624 2613 688 2688 ait,
712 2612 771 2675 tilii
793 2624 864 2676 sunt
886 2635 954 2675 ures
976 2616 1089 2675 damna
1111 2613 1248 2677 dolori?

257 2718 316 2784 Me
339 2715 439 2789 tenuit
462 2715 599 2780 moriens
622 2713 786 2791 deficiente
811 2715 938 2777 man11.''

264 2933 306 2982 3³.
326 2949 368 2981 vos
391 2934 518 2996 Aegyptia
547 2937 608 2981 Cod.
635 2933 659 2982 1.
684 2936 799 2991 probante
824 2936 940 2989 barthio,
973 2936 1009 2979 cni
1031 2936 1087 2979 talia
1116 2936 1201 2991 ubique
1226 2938 1251 2979 in
1277 2937 1322 2979 de-

193 3006 257 3050 liciis
276 3011 353 3050 erant.
373 3028 406 3041 ·-
425 3006 539 3050 Ceterum
556 3008 711 3074 σεῖστρον,
739 3019 858 3059 „aereum
879 3005 1060 3058 crepitacnluua,
1093 3006 1161 3048 cuius
1176 3017 1219 3059 per
1240 3017 1322 3062 angn-

110 3101 114 3106 ·
194 3080 256 3119 stain
277 3076 388 3118 laminam
407 3076 430 3118 iu
446 3076 541 3117 modurn
560 3074 648 3117 balthei
670 3075 830 3128 innumeram,
851 3075 963 3118 traiectae
974 3074 1065 3119 mediae
1085 3087 1173 3128 paucae
1193 3074 1321 3131 virgulae,

194 3143 314 3198 crispante
345 3144 443 3187 brachio
474 3144 616 3201 trigeminos
638 3144 728 3196 iactus,
754 3142 885 3187 reddebant
915 3147 1025 3200 argutum
1049 3142 1190 3203 sonorem?
1227 3142 1324 3196 Appul.

192 3213 254 3256 Met.
275 3210 316 3255 11.
336 3225 360 3265 p.
388 3209 446 3256 75⁹.
467 3210 529 3255 Oud.
556 3211 662 3255 Crsnzer
685 3210 767 3264 sunt.
790 3209 813 3254 1.
834 3225 858 3266 p.
879 3208 938 3255 515.
958 3234 992 3244 -
1010 3209 1134 3268 Significat
1151 3210 1207 3253 Tib.
1232 3208 1263 3263 l,
1288 3207 1322 3258 3.

195 3276 237 3325 23.
292 3276 333 3323 35.
359 3281 462 3336 rapiunt
485 3280 616 3333 meliores,
638 3284 698 3323 teste
722 3279 831 3324 Heinsio.
856 3281 936 3338 Vulgo
955 3281 1078 3334 rapidum
1096 3281 1138 3323 sed
1157 3280 1186 3323 de
1204 3283 1324 3333 tempore

193 3348 275 3401 potius
293 3359 374 3389 serino
392 3351 444 3402 est;
463 3352 542 3401 ,‚tune‚
562 3361 633 3405 quium
652 3348 748 3401 rapiunt
763 3354 809 3392 eet.
821 3380 828 3401 ,
848 3350 955 3392 adducor
971 3349 1049 3404 quusi,
1073 3353 1098 3391 nt
1119 3349 1183 3392 Deos
1195 3360 1254 3391 esse
1273 3361 1319 3390 ne-

193 3414 275 3472 gem.”
339 3410 381 3458 ³7.
410 3415 529 3459 moriture
557 3415 618 3460 Cod.
651 3415 675 3459 1.
701 3414 796 3473 (Heius.
823 3418 899 3470 coni.)
935 3418 990 3460 lehn
1010 3417 1137 3461 distinxit:
1162 3413 1221 3459 Vive
1237 3417 1325 3473 pius:

192 3483 323 3536 anorier05
339 3484 398 3540 pius
416 3485 471 3527 eolo
487 3497 578 3538 encra,
599 3484 778 3537 colentem-;
797 3499 842 3541 qua
861 3491 939 3530 tannen
962 3486 1055 3528 ratione
1080 3487 1142 3539 perit
1165 3485 1324 3527 concinnitas

192 3552 373 3598 inernbrornrn:
394 3553 448 3596 seii.
464 3554 563 3596 alterins
579 3549 676 3601 sallon
694 3567 731 3597 vv.
753 3554 872 3597 colentem
891 3552 964 3597 More
982 3577 992 3588 ·
1011 3578 1021 3588 -
1040 3551 1125 3596 trahet
1145 3554 1249 3596 alterius
1271 3553 1325 3595 illis

192 3621 352 3671 respondent:
372 3622 480 3664 moriere
496 3618 629 3677 (quumvis)
642 3622 713 3678 pius.
757 3620 798 3667 40.
819 3637 832 3665 c
851 3628 919 3666 tento
936 3622 1065 3676 opponitur
1083 3635 1106 3665 r.
1124 3633 1226 3679 purim
1248 3633 1325 3675 pror-

193 3700 234 3731 sus
248 3693 273 3729 ut
284 3690 345 3740 apud
364 3690 475 3743 Sophocl.
495 3688 537 3733 El.
559 3688 617 3735 758.
637 3686 669 3737 ἐν
680 3688 789 3757 βραχεῖ
804 3687 902 3754 χαλκῷ
919 3690 1062 3754 μέγιστον
1080 3686 1168 3753 σῶμα
1185 3685 1327 3750 δειλαίας

193 3750 307 3803 σποδοῦ
326 3755 479 3822 φέρουσιν.
515 3759 575 3802 lline
590 3759 693 3813 probare
709 3773 755 3802 non
771 3773 869 3814 possum
884 3761 916 3806 al.
938 3761 992 3802 lect.
1012 3772 1025 3800 e
1049 3763 1098 3801 toto
1115 3772 1130 3800 e
1151 3758 1238 3800 lahnio
1252 3771 1325 3803 rere·

190 3829 266 3880 ptam.
281 3845 313 3857 -
323 3835 399 3866 curru
412 3838 456 3878 pro
464 3839 546 3881 parra
556 3827 749 3882 perperamtldd.
762 3829 820 3884 aliq.
833 3859 839 3881 ,
854 3830 913 3871 unde
922 3832 999 3871 tamen
1010 3826 1094 3871 Heius.
1107 3827 1215 3880 suspie.:
1231 3831 1323 3869 curta.

193 3889 236 3937 46.
258 3897 354 3950 negant
371 3892 458 3947 lehn,
484 3896 522 3950 qui
547 3900 625 3939 tannen
648 3910 671 3939 v.
700 3893 740 3949 18,
761 3898 874 3950 praetulit
898 3900 993 3952 putent.
1049 3892 1091 3939 19.
1110 3893 1161 3939 Hie
1179 3894 1212 3927 ἑ·
1233 3895 1328 3937 inani-

191 3959 239 4004 bus
260 3954 412 4018 teanum.
469 3961 511 4006 51.
530 3961 644 4007 dolorum
663 3964 707 4006 Ed.
728 3977 765 4017 pr.
788 3965 845 4007 Tib.
902 3961 943 4009 57.
965 3963 998 4006 lta
1018 3962 1094 4006 Godd.
1115 3965 1236 4018 plerique.
1257 3962 1325 4005 Edd.

192 4033 251 4071 vett.
288 4029 372 4083 „Quid
395 4035 419 4072 ts
440 4027 526 4071 'attinet
552 4032 633 4085 lugere
656 4031 793 4084 Tibullum,
826 4033 864 4087 qui
884 4038 906 4076 te
928 4033 1029 4084 relicta,
1065 4032 1124 4074 milii
1143 4032 1183 4074 nui
1205 4035 1327 4074 mortuns

193 4092 270 4137 esti”
286 4096 340 4139 siut
357 4108 387 4139 ex
404 4108 453 4138 uno
471 4095 532 4137 Cod.
557 4099 650 4149 recepit
667 4097 750 4140 Heius.
778 4097 862 4158 vQuid
878 4100 938 4144 eie?
956 4099 1001 4143 tibi
1018 4099 1071 4144 sint
1088 4113 1144 4143 men
1164 4097 1265 4142 damna
1283 4099 1327 4142 la-

193 4159 262 4215 bori,
288 4163 339 4205 sinc
355 4162 563 4217 interrogatione,
595 4175 624 4204 ex
643 4163 735 4208 duobus
751 4166 846 4221 Burin,
863 4169 953 4213 rustice
977 4169 1046 4213 satis.
1084 4169 1179 4225 (Meam
1195 4168 1329 4214 rationem
