2750 4744
87 309 195 372 Ardet
216 307 247 369 iu
270 316 435 370 exstructo
457 325 576 387 corpus
599 305 689 368 inane
711 326 810 390 rogo.
850 309 852 311 ’

23 412 113 474 Ecce
136 429 219 490 puer
239 406 380 472 Veneris
400 406 465 469 fert
490 426 698 490 eversamque
718 408 902 488 pharetram

95 513 143 574 Et
164 511 288 578 fractos
313 529 405 571 arcus
427 518 460 569 et
480 506 550 571 siue
571 508 643 573 luce
663 509 778 571 lacem.

24 610 194 692 Adspice,
218 608 361 673 demissis
379 619 414 670 ut
434 620 485 671 cat
504 608 689 672 miserabilis
711 609 767 672 alis

90 714 298 795 Pectoraque
319 710 434 773 infesta
457 713 567 773 tundat
589 722 699 792 aperta
721 733 825 777 manu.

26 814 204 895 Excipiunt
226 813 328 895 sparsi
349 811 498 874 lacrimas
520 833 579 893 per
600 813 684 876 colla
706 812 813 895 capilli

91 915 225 998 Oraque
247 913 389 997 singultu
410 913 611 977 concutiente
633 926 763 978 sonant.

26 1015 155 1079 Fratris
176 1017 208 1078 iu
230 1016 361 1079 Aeneae
383 1014 429 1077 sic
450 1014 539 1077 illum
560 1015 673 1077 struere
696 1014 805 1076 dicunt

90 1120 268 1202 Egressum
289 1116 419 1191 castris,
443 1118 577 1198 pulcher
599 1117 686 1193 lule,
710 1115 785 1179 tuis.

28 1222 101 1282 Nec
123 1218 228 1280 minus
251 1228 299 1280 est
320 1216 452 1279 confusa
475 1220 607 1292 Venus,
632 1216 786 1280 moriente
810 1216 963 1292 Tibullo,

90 1320 197 1398 Quam
217 1317 325 1382 iuveni
347 1317 434 1399 rupit
455 1338 553 1401 quom
574 1319 661 1381 serus
682 1319 800 1400 inguen
823 1339 912 1400 aper.

29 1425 75 1485 At
95 1420 181 1483 sacri
202 1431 291 1482 vates
314 1431 345 1480 et
367 1419 473 1481 divhm
496 1439 572 1481 cura
594 1439 767 1482 vocamur:

91 1524 175 1584 Sunt
197 1520 310 1595 etiam,
333 1519 470 1602 quinos
493 1540 608 1583 numen
629 1520 748 1582 habere
770 1531 895 1603 putent.

31 1622 160 1687 Scilicet
183 1642 275 1686 omne
296 1641 421 1683 sacrum
443 1641 531 1683 mors
552 1619 734 1701 importuna
755 1622 931 1703 profanat:

92 1723 251 1787 Omnibus
274 1723 428 1785 obscuras
451 1721 547 1783 inlicit
569 1721 621 1783 illa
644 1741 767 1784 manus.

33 1825 116 1905 Quid
138 1821 505 1906 parer21smario,·quid
527 1833 626 1884 mater
646 1822 772 1904 profuit
795 1822 957 1905 Orpheo?

93 1926 247 1990 Carmine
269 1924 345 2007 quid
368 1925 466 1986 victas
489 1922 691 2004 obstupuisse
711 1923 821 1985 seras?

32 2026 174 2090 Aelinon
194 2025 225 2088 iu
248 2024 337 2087 silvis
358 2024 438 2087 idem
461 2035 552 2105 pater
575 2022 716 2086 Aelinon
738 2024 808 2085 altis

92 2128 220 2192 Dicitur
242 2126 342 2190 invita
364 2125 563 2189 concinuisse
585 2125 667 2205 lyra.
728 2155 732 2164 ·

32 2228 144 2290 Adiice
165 2227 380 2301 Maeoniden,
404 2248 509 2310 aquo
532 2248 591 2288 ceu
612 2227 703 2290 sonte
725 2225 858 2307 perenni

94 2331 213 2391 Vatum
236 2327 351 2392 Pieriis
374 2349 432 2388 ora
453 2327 602 2409 rigantur
624 2327 735 2409 aquis3

32 2431 129 2492 Hunc
151 2450 280 2512 quoquc
302 2449 421 2491 summa
444 2428 509 2491 dies
531 2427 627 2510 nigro
648 2426 820 2490 submersit
842 2429 997 2492 Averno:

93 2530 275 2613 Defugiunt
296 2530 403 2591 avidas
425 2529 563 2593 carmina
588 2530 657 2592 sola
680 2550 795 2612 rogos.

33 2631 137 2693 Durat
159 2652 240 2711 opus
261 2631 379 2705 satum,
406 2630 540 2693 Troiani
560 2630 644 2692 lama
667 2630 806 2707 laboris,

95 2733 268 2815 Tardaque
290 2742 448 2794 nocturno
471 2732 533 2793 tela
556 2741 681 2793 retexta
703 2732 791 2795 dolo.

33 2832 254 2895 SicNeuresis
275 2833 427 2917 longum,
451 2832 496 2894 sic
517 2831 612 2894 Delia
634 2853 748 2895 nomen
770 2836 944 2896 habebunt.
985 2858 991 2872 ·
1069 2852 1082 2869 .

95 2934 209 2998 Altera
233 2955 308 2997 cura
330 2955 459 3007 recens,
485 2934 582 2996 altera
603 2933 726 3016 primus
748 2955 851 2997 amor.

30 3035 119 3114 Quid
141 3054 201 3097 vos
222 3055 313 3097 sacra
334 3033 470 3098 iuvant?
492 3035 568 3117 quid
589 3056 672 3097 uiroc
697 3035 862 3118 Aegyptia
885 3048 1021 3116 prosunt

33 3235 108 3290 ceteri
128 3238 240 3287 corrupte
259 3231 352 3277 Elinon
370 3234 407 3277 rel
425 3231 517 3287 edidit,
547 3232 644 3288 editus,
669 3231 780 3277 abditus.
823 3232 935 3276 Ceterum
955 3229 1062 3276 Aelinon
1089 3234 1147 3276 reli·

33 3303 72 3359 qui
90 3304 176 3358 poetae
197 3302 277 3346 Latini
298 3304 418 3360 ignorant.
456 3303 599 3360 lutelligitur
617 3307 696 3346 autern
712 3300 802 3354 Linus,
823 3301 941 3355 Apollinis
967 3305 990 3345 et
1006 3302 1147 3345 Psamathes

33 3372 147 3425 (Pansae.
173 3370 284 3415 Corinth.
311 3369 357 3424 19,
388 3367 411 3414 l.
437 3370 521 3414 Conon
548 3368 600 3424 19.)
626 3369 704 3422 filius,
738 3384 752 3412 a
772 3369 872 3413 canibus
893 3371 1035 3424 discerptus.
1064 3370 1146 3415 Schol.

34 3441 132 3483 Villois.
152 3441 181 3482 ad
200 3441 228 3483 ll.
248 3453 282 3492 o,
303 3436 363 3484 570.
383 3439 467 3482 Conon
480 3441 498 3483 l.
518 3441 536 3483 Ι.
555 3453 569 3482 a
593 3439 655 3482 Lino
673 3437 724 3482 filio
741 3437 890 3491 Arnphimari
903 3443 927 3481 et
940 3439 1058 3491 llrauiae,
1078 3452 1148 3495 quern

34 3510 82 3561 ipse
104 3508 193 3561 Apollo
218 3508 319 3560 occidit,
347 3507 421 3550 Paua.
438 3509 524 3553 Boeot.
545 3505 592 3560 29,
613 3504 638 3550 3.
656 3513 707 3551 eta
726 3507 787 3550 Lino
817 3502 895 3564 „voti
912 3501 1148 3567 notaioavtog‘tt'z

32 3569 111 3638 ἔπη”
128 3577 202 3620 Paua.
231 3576 341 3619 Corinth.
365 3574 410 3629 19,
432 3574 457 3620 l.
476 3577 666 3634 distinguendus.
685 3589 708 3619 v.
732 3575 866 3632 Schweigb.
889 3575 918 3617 ad
937 3575 1027 3617 Herod.
1048 3571 1082 3627 2,
1106 3571 1147 3618 79.

33 3646 140 3689 Creozer
159 3643 242 3698 symb.
262 3643 287 3689 2.
305 3659 329 3700 p.
349 3640 409 3691 263.
457 3642 500 3689 24.
519 3645 613 3689 invicta
632 3644 708 3688 Codd.
728 3645 806 3688 multi.
824 3643 870 3686 Ed.
892 3656 929 3696 pr.
949 3642 1005 3701 Tib.
1048 3640 1090 3687 27.
1110 3639 1149 3686 di·

34 3713 104 3763 misit
121 3715 198 3757 Codd.
218 3711 244 3756 2.
270 3732 307 3746 -
332 3710 436 3756 demisit
457 3715 535 3768 placet
554 3714 700 3756 Bururauuo.
754 3710 796 3756 28.
815 3707 968 3771 Defugiunt]
987 3711 1048 3755 eod.
1070 3710 1093 3754 1.
1114 3711 1149 3754 it-

34 3796 79 3838 que
92 3783 136 3826 etsi
144 3796 225 3829 rarum
235 3783 296 3836 apud
308 3784 391 3836 poetas
399 3783 581 3835 praeferendum
592 3781 725 3825 videbatur.
745 3782 821 3836 (idem
830 3781 943 3834 praetulit
952 3794 1012 3825 nuuc
1021 3779 1103 3832 labo.)
1116 3803 1148 3813 —
1230 3796 1232 3801 ·

33 3848 166 3910 Effugr‘uat
173 3850 220 3893 Ed.
233 3863 271 3904 pr.
285 3849 341 3894 Tib.
352 3874 385 3882 -
394 3848 541 3911 Diffugiunt
553 3850 661 3905 plerique
670 3849 746 3892 Codd.
760 3848 866 3906 etEdd.;
887 3849 1034 3893 sedoffendit
1045 3850 1151 3893 iunctum

34 3920 178 3964 accusativo.
199 3916 242 3963 29.
253 3924 335 3962 catum
345 3919 422 3962 Codd.
434 3919 494 3962 Edd.
503 3931 603 3973 ornnes;
617 3919 657 3961 sed
667 3918 712 3962 hoe
722 3917 837 3975 ineptum;
851 3919 955 3962 nondum
968 3919 1030 3961 enirn
1041 3915 1151 3970 depleri-

34 3991 79 4031 bus
89 3988 202 4032 Homeris
215 3987 362 4045 cogitabant.
377 4010 411 4020 -
420 3988 484 4032 sctis
498 3988 589 4031 lleiusii
603 3988 666 4030 coni.
680 3999 751 4042 quum
764 3986 898 4044 languidior
910 3990 966 4038 cst,
986 3991 1036 4028 tum
1047 3984 1086 4026 vla
1099 3994 1153 4024 cor·

34 4061 117 4110 ruptus
135 4056 221 4100 fuisset
236 4056 376 4114 singularis.
413 4057 449 4100 Dc
469 4056 532 4100 coni.
553 4056 625 4113 igitur
648 4056 700 4100 dedi
711 4050 808 4112 satum.
844 4056 963 4109 ‚,l⁴'aturn,
992 4052 1053 4107 quod
1073 4048 1153 4091 ornuia

34 4126 158 4178 paullatim
179 4125 299 4178 absumit,
319 4127 428 4173 durando
449 4129 562 4179 superant
579 4125 676 4169 llorueri
695 4124 828 4167 carrniua.”
845 4125 885 4166 Sic
903 4121 955 4164 Lir.
978 4116 1002 4161 1.
1023 4114 1050 4160 9.
1067 4113 1152 4159 hemia

35 4193 104 4238 ninia
122 4199 230 4239 aetutem
248 4192 352 4238 durare.
