2750 4744
106 343 149 405 In
173 345 252 407 vada
272 343 439 425 pampinea
462 336 629 406 desiluisse
651 355 740 419 rate,

43 444 88 507 Et
110 443 171 507 tibi
192 465 253 526 per
275 444 406 509 mediam
429 445 510 506 bene
532 443 651 507 olentia
671 443 799 509 flumina
823 445 966 520 Naxon,

107 546 203 609 Unde
224 557 311 608 tuum
334 554 429 627 potat
450 543 556 608 Naxia
577 547 673 608 turba
697 566 827 611 merum.

45 644 189 710 Candida
212 646 326 709 laxatis
349 656 485 711 onerato
508 646 590 709 colla
614 645 778 726 corymbis

107 746 231 832 Cinget
253 747 439 811 Bassaricas
461 748 564 826 Lydia
587 746 678 811 mitra
701 768 822 814 comas.

42 848 148 912 Levis
170 852 308 912 odoratu
330 848 443 912 cervix
466 848 605 910 manabit
626 847 717 913 olivo

7 968 8 971 ’
106 952 155 1012 Et
175 950 274 1013 feries
295 952 398 1015 nardus
423 961 511 1013 veste
532 950 649 1012 fluente
671 953 786 1032 pedes.

43 1051 166 1115 Mollia
188 1050 345 1114 Dircaeae
366 1052 537 1132 pulsabunt
557 1061 708 1133 tympana
731 1054 883 1129 Thebae,

109 1152 311 1234 capripedes
333 1153 456 1216 calamo
479 1154 585 1216 Panes
607 1153 714 1217 hiante
736 1165 868 1231 canent,

42 1254 182 1317 Vertice
204 1253 368 1337 turrigero
390 1253 478 1319 iuxta
501 1255 559 1315 dea
580 1274 696 1337 magna
719 1253 854 1333 Cybebe
955 1328 961 1336 ι

106 1357 240 1418 Tundet
260 1358 303 1417 ad
323 1355 440 1417 Idaeos
461 1354 607 1433 cymbala
630 1375 727 1419 rauca
750 1356 881 1422 choros.

41 1466 131 1521 Ante
154 1456 244 1520 iores
265 1455 375 1538 templi
398 1467 541 1519 craterae
566 1455 714 1519 antistitis
735 1476 817 1520 sauro

103 1556 262 1621 Libatum
284 1558 417 1620 fundent
438 1555 470 1620 in
494 1569 545 1619 tua
569 1578 660 1620 sacra
683 1577 818 1621 ruertuu.

41 1661 138 1722 Haec
159 1680 223 1741 ego
246 1679 310 1721 non
332 1657 442 1720 humili
463 1659 602 1721 referam
626 1662 828 1723 memoranda
851 1662 1030 1737 cothurno,

108 1759 220 1839 Qualis
244 1759 420 1824 Pindarico
443 1759 573 1841 spiritus
597 1780 655 1823 ore
677 1772 781 1825 tonat.
1125 1763 1166 1822 to

42 1863 98 1923 Tu
121 1863 219 1925 modo
242 1861 376 1924 servitio
400 1882 533 1925 vacuum
556 1861 702 1925 meslete
724 1865 868 1945 superbo
971 1846 977 1858 ⁸

110 1962 223 2044 Atque
245 1964 309 2026 hoc
329 1962 499 2027 sollicitum
523 1962 614 2025 vince
636 1982 757 2044 sopore
780 1975 889 2046 caput.

214 2148 293 2210 Lus.
316 2146 383 2211 111.
420 2146 599 2230 ELEGIA
622 2148 744 2212 XXII.
767 2147 846 2228 (IV.
869 2148 1006 2226 ΧΧ11.)

47 2266 186 2351 Frigida
207 2277 271 2328 tam
293 2267 413 2331 multos
434 2265 555 2349 placuit
575 2267 634 2330 tibi
658 2267 797 2347 Cyzicus
820 2288 939 2342 annos,

108 2369 224 2443 Tulle,
248 2367 471 2450 Propontiaca
495 2387 556 2452 qua
578 2367 648 2430 fluit
671 2368 812 2433 Isthmos
834 2390 935 2452 aqua3

38 2469 226 2549 Dindymus
247 2480 279 2532 et
300 2490 410 2532 sacrae
431 2468 587 2532 fabricata
610 2468 741 2533 iuvenca
766 2469 920 2550 Cybebae

105 2569 328 2654 Raptorisque
350 2569 423 2633 tulit
445 2592 507 2656 qua
530 2570 580 2633 via
602 2570 686 2634 Ditis
710 2590 825 2656 equos.

38 2794 69 2837 ad
92 2791 195 2835 Intret.
216 2787 249 2843 2,
271 2787 330 2835 618.
372 2791 408 2835 Ad
427 2790 488 2835 Cdd.
510 2793 619 2837 ordinem
637 2793 732 2836 rediere
751 2791 800 2836 lae.
821 2787 867 2835 Βῖ.
922 2788 963 2835 36.
984 2789 1083 2836 Tondet
1100 2793 1166 2836 Seal.

38 2863 105 2906 coni.
126 2859 228 2905 rennuit
243 2857 291 2903 L2.
311 2878 343 2892 -·
362 2859 411 2904 lac.
431 2872 486 2903 curn
504 2859 564 2905 Cdd.
578 2858 681 2919 fundet.
738 2856 779 2905 ³7.
804 2864 921 2904 erotem
939 2860 994 2903 dedi
1010 2872 1040 2903 ex
1057 2860 1119 2904 Cod.
1141 2860 1166 2903 1.

36 2932 119 2985 (alius
137 2926 261 2985 cratere.)
279 2928 367 2985 reliqui
381 2934 405 2973 et
422 2929 495 2985 vulgo
512 2935 614 2986 erster;
626 2927 739 2988 fundent
751 2931 778 2973 de
794 2929 858 2973 coni.
871 2925 1045 2986 profundens.
1059 2951 1093 2963 ·-
1106 2925 1167 2971 Cro·

36 3004 79 3043 ter·
93 3024 104 3035 -
123 3022 135 3034 ·
143 2993 239 3055 fundet
255 2996 352 3041 volebat
367 2998 472 3054 Burm.;
493 2999 535 3042 sed
551 2998 696 3053 Propertius
714 2999 738 3042 in
757 2999 800 3042 bne
819 2996 960 3053 pentametri
976 2997 1033 3040 sede
1051 3010 1169 3054 nusquam

35 3067 157 3122 producit
180 3065 297 3119 syllabam
314 3066 433 3120 brevem,
462 3066 508 3110 nisi
527 3067 551 3110 in
568 3080 640 3112 versu
656 3067 760 3110 fortasse
779 3067 862 3123 spurio
880 3063 913 3119 2,
941 3062 984 3110 21.
1004 3063 1040 3119 (3,
1063 3063 1104 3108 16.
1123 3062 1168 3121 Ι..)

36 3134 64 3183 4.
107 3135 191 3178 Meam
212 3134 331 3178 rationem
352 3134 485 3189 probarunt
507 3134 592 3180 lacobs
620 3141 643 3180 et
660 3134 742 3179 Iacob.
763 3134 854 3178 Contra
872 3131 919 3178 La.
939 3136 1025 3176 croter-
1042 3133 1168 3176 antistitis

35 3229 47 3240 ·
68 3228 80 3239 ·
92 3199 213 3262 fundens
221 3234 228 3257 ‚
257 3216 303 3259 qua
328 3205 522 3258 constructione,
554 3204 615 3248 haud
645 3206 704 3247 satis
731 3203 851 3261 intelligo.
887 3202 1002 3247 Fortasse
1021 3202 1167 3260 cogitatione

36 3274 204 3329 supplendum
221 3276 289 3316 ratus
309 3277 363 3316 est:
383 3261 503 3326 ‚,t'nndens
522 3273 595 3318 erit.”

324 3387 379 3433 Lrs.
400 3388 445 3436 111.
482 3388 580 3434 ELEG.
598 3387 684 3432 xxn.
704 3388 758 3442 (tv.
778 3385 875 3441 Uli.)

114 3474 140 3519 1.
161 3470 269 3534 Cyzicus
292 3474 352 3518 urbs
375 3475 469 3530 Mysiae
493 3476 594 3520 minoris
613 3477 642 3518 ad
659 3474 833 3528 Propontidem
858 3473 881 3517 in
900 3473 980 3517 insula
998 3474 1089 3518 duobus
1108 3488 1168 3529 pon·

32 3546 109 3590 tibus
139 3545 270 3587 rennuenti
295 3545 383 3588 iuncta.
455 3541 480 3588 3.
511 3540 671 3607 nuncupor,
700 3535 773 3613 ὄρος
802 3539 948 3604 Κυζίκου,
975 3537 1058 3611 ἱερὸν
1084 3538 1168 3605 Ῥέας

32 3614 127 3660 Schol.
158 3614 267 3667 apollon.
296 3611 326 3667 1,
347 3609 408 3658 985.
429 3636 461 3647 -
481 3613 557 3657 Godd.
577 3626 659 3657 omnes
679 3612 780 3657 babent:
809 3624 887 3656 suern
904 3606 1038 3668 sobrietate
1057 3612 1165 3657 incentu.
1254 3648 1257 3653 .

30 3685 118 3729 Voss.
145 3681 173 3723 ad
195 3681 284 3726 Catull.
313 3695 339 3736 p.
368 3679 427 3726 161.
456 3684 552 3741 egregie
568 3683 702 3726 emendavit
722 3694 813 3726 acerne
833 3677 966 3739 febriente
990 3680 1112 3735 iuvenca,
1142 3688 1168 3725 ut

29 3750 189 3806 respiciatur
222 3751 251 3793 nd
273 3751 396 3795 iuvencam
420 3764 601 3805 marmoream,
633 3752 657 3794 iu
673 3750 785 3804 Cybebae
805 3750 912 3802 sacello,
934 3751 996 3805 quod
1014 3755 1065 3794 erat
1081 3750 1105 3793 in
1125 3765 1167 3795 an·

30 3827 78 3864 tro
103 3817 241 3870 Lubrinae‚
267 3821 357 3862 nnontis
376 3819 503 3874 Cyziceni,
526 3821 616 3877 inquo
635 3821 738 3878 Magnae
757 3819 831 3862 Matri
850 3823 873 3863 st
887 3818 964 3862 Altini
978 3817 1067 3863 fiebant
1086 3824 1166 3863 lauro-

28 3888 117 3933 bolia.
175 3884 200 3932 1.
220 3888 256 3932 De
274 3887 437 3942 Proserpinae
456 3894 543 3944 raptu,
564 3902 633 3945 quem
652 3889 760 3944 plerique
777 3887 894 3932 insicilia
906 3887 994 3932 iactum
1012 3901 1065 3931 esse
1082 3901 1166 3931 narra·

28 3959 115 4010 bant,
145 3956 186 3999 alii
209 3958 246 4000 vel
274 3957 298 4000 in
325 3957 420 4011 Attica,
451 3957 489 4002 vel
512 3959 535 4000 in
560 3956 633 4001 Creta
658 3957 750 4011 (Schol.
773 3957 812 4001 ad.
838 3957 898 4001 lies.
920 3956 1013 4014 'l'beog.
1040 3953 1110 4008 91³.)
1129 3957 1166 3999 vel

28 4025 104 4081 apud
127 4023 250 4069 Oceanum
265 4024 388 4080 (Orpbeus
401 4026 493 4084 Argon.
516 4022 607 4080 12⁰1.)
624 4026 662 4069 vel
675 4026 737 4081 apud
753 4025 844 4081 Nysam
862 4019 964 4084 (llymu.
979 4025 1003 4068 in
1023 4024 1072 4066 Cer
1101 4020 1165 4076 lt),

28 4106 100 4140 suos
119 4098 233 4138 auctores
251 4093 275 4137 b.
296 4095 314 4138 1.
334 4098 430 4138 serulus
449 4099 486 4140 est
506 4094 665 4148 Propertius,
687 4095 727 4152 qui
748 4096 777 4139 ad
795 4093 910 4146 Cyzicum
921 4123 930 4152 ,
949 4107 962 4135 a
982 4091 1038 4135 lore
1063 4091 1167 4134 Proser-

27 4165 111 4219 pinae
131 4163 182 4205 doti
201 4163 295 4215 datam,
316 4175 370 4206 enm
389 4162 527 4218 reler'rsnt3
546 4164 583 4206 yet
605 4162 739 4221 significat,
759 4162 816 4207 illue
835 4173 935 4217 nequae
953 4155 1079 4203 Trinacria
1091 4158 1167 4202 Deam
1234 4160 1238 4166 '

27 4247 45 4276 a
69 4236 173 4291 raptore
193 4231 267 4275 latam
283 4230 369 4277 fuisse.
390 4231 436 4276 etr.
457 4231 563 4276 Crsuzer
583 4231 707 4284 symbolik
725 4227 750 4283 l,
770 4243 796 4283 p.
817 4226 858 4273 la.
