2750 4744
227 173 292 237 216

230 333 325 396 Nunc
349 329 534 414 Capitolino
559 328 657 392 veluti
680 332 826 391 turbante
849 326 986 392 Camillo
1028 413 1031 419 ,

231 434 370 497 Ensibus
393 443 425 496 et
446 432 562 494 trutina
586 431 671 495 Galli
692 431 807 514 fugere
829 432 960 506 relicta,

227 536 284 599 Sic
307 535 408 597 nostri
430 534 541 616 palare
564 554 654 596 senes
678 532 825 597 dicuntur
842 545 878 596 ‘et
900 534 962 616 ipsi

231 639 276 702 Ut
296 635 397 699 teratc
419 657 495 699 suos
518 656 598 698 ontis
622 636 801 717 exstirpare
823 635 962 698 libellos.

230 741 324 822 Ergo
349 736 559 800 Numantinus
582 737 789 821 Libycusque
812 737 933 800 erravit
954 739 987 800 in
1011 738 1073 801 isto

230 839 359 921 Scipio,
384 838 438 921 qui
461 838 591 902 Rhodio
614 838 717 901 crevit
737 840 897 903 formante
920 840 1094 922 magistro,

229 941 414 1025 Ceteraque
436 941 488 1003 itta
511 961 620 1002 manus
643 940 728 1002 bello
750 941 886 1004 fecunda
909 945 1067 1016 secundo,

232 1045 322 1123 Quos
345 1043 427 1105 inter
448 1042 544 1124 prisci
566 1042 720 1105 sententia
744 1044 791 1106 dia
815 1041 949 1106 Catonis
1035 1096 1044 1114 ‚

231 1147 320 1208 Scire
342 1148 422 1206 adeo
446 1145 550 1226 magni
572 1145 699 1207 fecisset
728 1157 873 1208 utrumne
895 1147 1060 1221 secundis,

232 1251 284 1312 An
310 1246 409 1330 magis
433 1245 575 1307 adversis
598 1259 697 1308 staret
720 1249 864 1310 Romana
886 1247 1062 1332 propago?

232 1348 363 1412 Scilicet
385 1348 541 1410 adversis:
567 1369 637 1409 natu
659 1370 755 1432 quom
779 1348 942 1415 defendier
965 1352 1060 1412 armis

232 1453 349 1513 Suadet
371 1472 461 1514 amor
484 1449 604 1531 patriae
627 1462 658 1511 et
681 1450 808 1531 captiva
830 1451 997 1533 penatibus
1020 1473 1126 1528 uxor,

232 1551 412 1626 Convenit,
438 1563 472 1614 nt
495 1551 627 1633 vespis,
653 1573 788 1633 quarum
811 1556 923 1616 domus
947 1574 1021 1617 arce
1042 1556 1218 1628 Monetae,

232 1654 474 1738 'l'urbarigeus
498 1653 616 1715 strictis
639 1675 698 1734 per
719 1654 804 1717 lutea
828 1676 969 1735 corpora
991 1655 1074 1718 telis.

230 1759 291 1818 Ast
313 1755 368 1816 ubi
390 1776 464 1836 apes
487 1775 597 1816 secura
620 1755 720 1831 redit,
745 1755 843 1818 oblita
866 1758 1014 1818 favorum

230 1857 328 1919 Plebs
351 1866 523 1941 patresque
547 1878 605 1918 runa
629 1878 742 1919 somno
766 1858 946 1920 moriuntur
968 1861 1083 1922 obeso.

219 1957 471 2021 ,Romulidarum
492 1957 593 2042 igitur
614 1959 712 2041 longa
735 1970 767 2021 et
791 1959 899 2041 gravis
924 1961 1052 2022 exitium
1075 1981 1152 2041 pax.

270 2060 347 2123 Hoc
367 2060 485 2123 fabella
506 2063 603 2137 modo
627 2082 756 2142 pausam
779 2048 876 2123 facit.¹
915 2061 1044 2142 Optima
1065 2064 1199 2143 posthac

228 2161 465 2236 Musa,.uelim
491 2183 636 2236 moneas,
661 2161 729 2224 siue
751 2184 813 2244 qum
837 2163 911 2224 mihi
934 2164 1018 2225 nuda
1042 2163 1189 2244 voluptas

227 2261 403 2339 †Vivere,
426 2263 472 2325 uti
494 2266 653 2347 quondam
676 2264 894 2343 Smyrnaiibus
916 2264 934 2300 ⁸²
953 2258 974 2299 ⁴³·
997 2265 1136 2345 peribat,
1295 2266 1323 2323 bd

227 2364 323 2425 Nunc
343 2363 450 2426 itidem
474 2363 613 2447 migrare
638 2365 714 2428 velit
738 2366 788 2428 vel
811 2367 945 2449 denique
969 2367 1111 2450 quidvis,

228 2466 273 2528 Ut
294 2465 382 2540 Dea,
407 2486 525 2548 quaere
548 2466 652 2529 alind:
677 2478 796 2529 tautum
822 2469 967 2531 Romana
993 2467 1115 2532 Caleno

229 2564 385 2643 Moenia,
410 2566 563 2630 iucundos
586 2568 770 2650 pariterque
792 2580 883 2631 tuere
905 2570 1057 2632 'Sab'mos⁴

228 2667 319 2730 Haec
342 2687 424 2751 ego:
450 2680 515 2730 tum
538 2669 646 2750 paucis
669 2670 739 2732 Dea
762 2691 810 2732 me
833 2670 997 2752 dignarier
1018 2672 1103 2735 infit:

227 2770 342 2839 ,Pone
365 2781 466 2832 metus
489 2790 628 2853 aequos,
654 2772 772 2833 cultrix
794 2794 875 2834 mea.
921 2777 1048 2835 Summa
1073 2784 1206 2853 tyranno
1294 2772 1322 2831 bb
1354 2774 1355 2779 ’

151 2947 155 2957 .
227 2871 318 2932 Haec
340 2869 457 2932 instant
480 2872 551 2934 odia
574 2882 607 2934 et
630 2884 743 2935 nostro
766 2873 925 2954 periturus
949 2876 1074 2938 honore
1096 2886 1163 2937 est:

226 2973 309 3034 Nam
331 2971 453 3033 laureta
476 2973 602 3034 Numae
625 2973 797 3056 sontesque
819 2975 994 3037 habitamus
1018 2979 1144 3040 eosdem

225 3075 269 3135 Et
291 3075 405 3139 comite
427 3075 548 3159 Egeria
571 3075 707 3137 ridemus
729 3075 832 3138 inania
855 3077 1007 3158 coepta.''

225 3177 332 3252 Vive,
356 3178 442 3252 vale3
467 3189 572 3240 manet
595 3180 677 3239 burno
699 3179 868 3260 pulchrum
892 3201 947 3241 sua
969 3180 1054 3244 sama
1078 3181 1241 3245 dolorem:

225 3274 392 3340 Musarum
415 3281 550 3360 spondet
572 3281 691 3342 chorus
714 3291 745 3341 et
769 3282 1092 3363 Romanusupotto.
1294 3280 1323 3340 10

221 3473 373 3519 condomue‘a
396 3471 528 3521 bl’cxil.”
564 3478 609 3534 (Lu
628 3466 706 3524 saura
726 3481 753 3525 de
772 3480 887 3537 Sulpicia
905 3483 1007 3526 tradnite
1029 3496 1057 3526 eu
1083 3496 1139 3526 vers
1160 3482 1260 3538 franceis
1279 3490 1322 3521 atet

223 3546 264 3588 des
277 3552 344 3589 notes
358 3559 401 3600 par
418 3542 463 3590 Cb.
481 3544 601 3592 Moucrd.
617 3548 686 3592 Paris
703 3547 778 3593 1816.
791 3547 816 3592 b.
829 3564 852 3604 p.
867 3550 921 3604 51.)
933 3548 974 3594 11.
988 3548 1029 3598 tt.
1043 3549 1099 3595 Non
1112 3552 1167 3594 atu.
1190 3552 1223 3593 tb.
1241 3546 1322 3605 Cupito-

222 3613 284 3656 linis
303 3634 336 3646 -
356 3612 483 3659 Mercibus
502 3617 579 3660 Bouh.
599 3615 710 3662 Ensibus
730 3618 783 3661 um.
804 3620 844 3662 alii
864 3619 1000 3663 Leucibua.
1039 3617 1080 3665 1-3.
1099 3621 1190 3676 pulcre
1209 3622 1323 3672 suspectum

221 3683 431 3737 crutBonbierio,
463 3685 502 3741 qui
518 3686 684 3740 suspicabatur
698 3684 834 3746 flugitare,
867 3690 908 3733 sed
927 3689 1024 3742 propius
1047 3689 1075 3732 ud
1095 3690 1173 3731 Codd.
1200 3688 1322 3741 scriptoram

215 3751 346 3794 accederet
366 3752 492 3805 pavitare.
543 3752 585 3802 11.
606 3769 652 3799 auo
667 3769 744 3799 conus
765 3756 820 3803 uta.
840 3758 876 3800 lb.
895 3771 1034 3800 exsecrare
1057 3758 1085 3800 C.
1107 3759 1137 3800 Η.
1159 3759 1188 3800 Α.
1207 3761 1321 3813 exportet

220 3818 341 3862 §etwas-z.
361 3818 444 3862 norm.
461 3823 523 3866 coni.
563 3821 605 3867 16.
626 3822 722 3869 ltdode'o
740 3826 795 3868 nm.
816 3827 956 3883 intelligitur
978 3827 1109 3870 Panaetius
1128 3826 1242 3872 Rhodius,
1273 3822 1321 3865 111111

217 3888 332 3949 7811111111
356 3884 471 3933 Rudini.
499 3905 521 3940 c.
542 3893 629 3937 Ennio,
680 3893 721 3938 17.
743 3890 875 3952 ceteroque
897 3897 951 3938 Ata.
973 3892 1060 3940 Cetera
1081 3901 1104 3938 et
1122 3897 1204 3938 Burin.
1225 3890 1321 3937 Wemsd·

221 3956 296 4013 (bello
307 3954 563 4016 secundusoecundo
582 3961 649 4017 Ald.)
668 3962 795 4016 merendo,
822 3965 838 4007 i.
858 3979 880 4007 e.
898 3978 957 4019 quac
977 3965 1000 4007 in
1021 3965 1084 4008 betta
1103 3978 1219 4018 prospere
1236 3959 1321 4020 gerenda

218 4040 313 4081 semper
338 4029 513 4073 succrescebat.
563 4031 598 4072 tta
615 4031 668 4073 Lis.
690 4028 720 4084 5,
742 4030 784 4077 19.
804 4039 883 4076 artem
898 4032 980 4086 balli,
1000 4032 1137 4077 acciendum
1160 4034 1235 4084 stria,
1251 4039 1321 4074 secuu-

213 4094 327 4138 dissime
341 4097 442 4151 proelia
462 4097 554 4139 Caesar
574 4098 602 4138 B.
623 4097 654 4141 G.
677 4097 707 4149 7,
730 4096 771 4141 62.
793 4106 816 4144 et
833 4101 970 4145 secundine
985 4103 1113 4158 proelium
1138 4103 1197 4145 dixit
1217 4101 1249 4144 ib.
1266 4098 1286 4151 2,
1303 4093 1319 4137 9⁴

213 4163 323 4216 »Sulpicia
343 4165 435 4206 imitata
459 4169 496 4205 est
518 4166 575 4205 iltud
598 4164 690 4206 Horatii
717 4164 764 4209 Od.
788 4166 812 4221 1,
835 4168 862 4223 1,
894 4168 936 4214 15.
976 4171 1038 4215 Post
1058 4169 1104 4215 boc
1124 4169 1241 4216 secundia
1261 4176 1321 4222 utque

213 4229 348 4275 laboribus
369 4229 576 4285 Romunupubea
593 4230 685 4275 xerevit.
732 4235 778 4277 utri
796 4251 849 4280 cum
871 4241 987 4284 Werusd.
998 4238 1120 4298 secunda
1142 4242 1246 4298 tegentes
1265 4245 1321 4288 etpo-
