<?xml version="1.0" encoding="UTF-8"?>
<!DOCTYPE html PUBLIC "-//W3C//DTD XHTML 1.0 Transitional//EN"
    "http://www.w3.org/TR/xhtml1/DTD/xhtml1-transitional.dtd">
<html xmlns="http://www.w3.org/1999/xhtml" xml:lang="en" lang="en">
 <head>
  <title>
</title>
<meta http-equiv="Content-Type" content="text/html;charset=utf-8" />
  <meta name='ocr-system' content='tesseract 3.04.00' />
  <meta name='ocr-capabilities' content='ocr_page ocr_carea ocr_par ocr_line ocrx_word'/>
</head>
<body>
  <div class='ocr_page' id='page_1' title='image "./eclogaepoetarum02orelgoog_0428.png"; bbox 0 0 2762 4762; ppageno 0'>
   <div class='ocr_carea' id='block_1_1' title="bbox 1090 168 1160 268">
    <p class='ocr_par' dir='ltr' id='par_1_1' title="bbox 1090 168 1160 268">
     <span class='ocr_line' id='line_1_1' title="bbox 1090 168 1160 268; baseline -0.014 0"><span class='ocrx_word' id='word_1_1' title='bbox 1090 168 1160 268; x_wconf 75' lang='lat' dir='ltr'>sn</span> 
     </span>
    </p>
   </div>
   <div class='ocr_carea' id='block_1_2' title="bbox 112 357 1256 3897">
    <p class='ocr_par' dir='ltr' id='par_1_2' title="bbox 154 357 1020 448">
     <span class='ocr_line' id='line_1_2' title="bbox 154 357 1020 448; baseline -0.006 -19"><span class='ocrx_word' id='word_1_2' title='bbox 154 363 300 448; x_wconf 81' lang='lat' dir='ltr'><strong>Accipe,</strong></span> <span class='ocrx_word' id='word_1_3' title='bbox 324 362 473 438; x_wconf 79' lang='lat' dir='ltr'>Romali,</span> <span class='ocrx_word' id='word_1_4' title='bbox 496 361 668 445; x_wconf 75' lang='lat' dir='ltr'>radiosque</span> <span class='ocrx_word' id='word_1_5' title='bbox 689 357 1020 446; x_wconf 78' lang='lat' dir='ltr'>iufringesonantes,</span> 
     </span>
    </p>

    <p class='ocr_par' dir='ltr' id='par_1_3' title="bbox 158 462 1153 947">
     <span class='ocr_line' id='line_1_3' title="bbox 158 462 994 546; baseline -0.008 -14"><span class='ocrx_word' id='word_1_6' title='bbox 158 468 234 532; x_wconf 86' lang='lat' dir='ltr'>Sive</span> <span class='ocrx_word' id='word_1_7' title='bbox 255 467 343 529; x_wconf 80' lang='lat' dir='ltr'>irruat</span> <span class='ocrx_word' id='word_1_8' title='bbox 366 463 511 529; x_wconf 86' lang='lat' dir='ltr'>minimos</span> <span class='ocrx_word' id='word_1_9' title='bbox 533 462 647 526; x_wconf 84' lang='lat' dir='ltr'>fidibus</span> <span class='ocrx_word' id='word_1_10' title='bbox 669 466 840 546; x_wconf 80' lang='lat' dir='ltr'>depectere</span> <span class='ocrx_word' id='word_1_11' title='bbox 863 483 994 527; x_wconf 82' lang='lat' dir='ltr'>versus:</span> 
     </span>
     <span class='ocr_line' id='line_1_4' title="bbox 242 563 1153 657; baseline -0.007 -25"><span class='ocrx_word' id='word_1_12' title='bbox 242 570 397 643; x_wconf 81' lang='lat' dir='ltr'>„Fortem</span> <span class='ocrx_word' id='word_1_13' title='bbox 421 588 485 629; x_wconf 89' lang='lat' dir='ltr'>nou</span> <span class='ocrx_word' id='word_1_14' title='bbox 509 586 572 650; x_wconf 86' lang='lat' dir='ltr'>ego</span> <span class='ocrx_word' id='word_1_15' title='bbox 597 563 751 640; x_wconf 77' lang='lat' dir='ltr'>dixerim,</span> <span class='ocrx_word' id='word_1_16' title='bbox 1011 644 1017 657; x_wconf 23' lang='grc' dir='ltr'><strong><em>ι</em></strong></span> <span class='ocrx_word' id='word_1_17' title='bbox 1112 564 1153 627; x_wconf 82' lang='grc'>85</span> 
     </span>
     <span class='ocr_line' id='line_1_5' title="bbox 249 667 740 751; baseline -0.008 -19"><span class='ocrx_word' id='word_1_18' title='bbox 249 671 351 750; x_wconf 83' lang='lat' dir='ltr'>Quem</span> <span class='ocrx_word' id='word_1_19' title='bbox 374 668 451 732; x_wconf 89' lang='lat' dir='ltr'>belli</span> <span class='ocrx_word' id='word_1_20' title='bbox 473 667 585 750; x_wconf 88' lang='lat' dir='ltr'>spoliis</span> <span class='ocrx_word' id='word_1_21' title='bbox 608 688 740 751; x_wconf 84' lang='lat' dir='ltr'>gravem</span> 
     </span>
     <span class='ocr_line' id='line_1_6' title="bbox 245 769 623 852; baseline -0.008 -18"><span class='ocrx_word' id='word_1_22' title='bbox 245 771 373 835; x_wconf 90' lang='lat' dir='ltr'>Imbelli</span> <span class='ocrx_word' id='word_1_23' title='bbox 396 779 526 852; x_wconf 87' lang='lat' dir='ltr'>superat</span> <span class='ocrx_word' id='word_1_24' title='bbox 548 769 623 833; x_wconf 90' lang='lat' dir='ltr'>colu</span> 
     </span>
     <span class='ocr_line' id='line_1_7' title="bbox 248 870 771 947; baseline -0.008 -11"><span class='ocrx_word' id='word_1_25' title='bbox 248 874 461 947; x_wconf 88' lang='lat' dir='ltr'>Formosum,</span> <span class='ocrx_word' id='word_1_26' title='bbox 487 870 616 946; x_wconf 74' lang='lat' dir='ltr'>muilier,</span> <span class='ocrx_word' id='word_1_27' title='bbox 642 872 771 934; x_wconf 86' lang='lat' dir='ltr'>malum.</span> 
     </span>
    </p>

    <p class='ocr_par' dir='ltr' id='par_1_4' title="bbox 164 974 1157 1360">
     <span class='ocr_line' id='line_1_8' title="bbox 248 974 704 1038; baseline -0.009 0"><span class='ocrx_word' id='word_1_28' title='bbox 248 974 312 1038; x_wconf 88' lang='lat' dir='ltr'>Hie</span> <span class='ocrx_word' id='word_1_29' title='bbox 334 986 381 1035; x_wconf 90' lang='lat' dir='ltr'>est</span> <span class='ocrx_word' id='word_1_30' title='bbox 403 974 583 1037; x_wconf 87' lang='lat' dir='ltr'>Herculeus</span> <span class='ocrx_word' id='word_1_31' title='bbox 611 974 704 1037; x_wconf 87' lang='lat' dir='ltr'>labor</span> 
     </span>
     <span class='ocr_line' id='line_1_9' title="bbox 249 1074 1157 1139; baseline -0.003 0"><span class='ocrx_word' id='word_1_32' title='bbox 249 1078 325 1139; x_wconf 88' lang='lat' dir='ltr'>Nou</span> <span class='ocrx_word' id='word_1_33' title='bbox 349 1076 432 1137; x_wconf 89' lang='lat' dir='ltr'>vinci</span> <span class='ocrx_word' id='word_1_34' title='bbox 455 1075 541 1138; x_wconf 88' lang='lat' dir='ltr'>velut</span> <span class='ocrx_word' id='word_1_35' title='bbox 564 1074 759 1138; x_wconf 85' lang='lat' dir='ltr'>Hercules.”</span> <span class='ocrx_word' id='word_1_36' title='bbox 1116 1076 1157 1137; x_wconf 88' lang='grc'>90</span> 
     </span>
     <span class='ocr_line' id='line_1_10' title="bbox 164 1174 1041 1258; baseline -0.002 -19"><span class='ocrx_word' id='word_1_37' title='bbox 164 1175 238 1239; x_wconf 85' lang='lat' dir='ltr'>Sive</span> <span class='ocrx_word' id='word_1_38' title='bbox 260 1174 347 1237; x_wconf 85' lang='lat' dir='ltr'>iuvat</span> <span class='ocrx_word' id='word_1_39' title='bbox 369 1175 524 1258; x_wconf 86' lang='lat' dir='ltr'>tragicum</span> <span class='ocrx_word' id='word_1_40' title='bbox 550 1176 687 1238; x_wconf 88' lang='lat' dir='ltr'>numeris</span> <span class='ocrx_word' id='word_1_41' title='bbox 709 1175 842 1258; x_wconf 89' lang='lat' dir='ltr'>implere</span> <span class='ocrx_word' id='word_1_42' title='bbox 865 1178 1041 1241; x_wconf 84' lang='lat' dir='ltr'>theatrum:</span> 
     </span>
     <span class='ocr_line' id='line_1_11' title="bbox 216 1275 859 1360; baseline -0.002 -20"><span class='ocrx_word' id='word_1_43' title='bbox 216 1310 221 1317; x_wconf 56' lang='lat'>¹</span> <span class='ocrx_word' id='word_1_44' title='bbox 248 1275 385 1360; x_wconf 82' lang='lat' dir='ltr'>„Regali</span> <span class='ocrx_word' id='word_1_45' title='bbox 407 1277 546 1338; x_wconf 89' lang='lat' dir='ltr'>canimus</span> <span class='ocrx_word' id='word_1_46' title='bbox 569 1279 664 1337; x_wconf 89' lang='lat' dir='ltr'>caede</span> <span class='ocrx_word' id='word_1_47' title='bbox 687 1278 859 1358; x_wconf 82' lang='lat' dir='ltr'>Neapolim</span> 
     </span>
    </p>

    <p class='ocr_par' dir='ltr' id='par_1_5' title="bbox 163 1376 935 1453">
     <span class='ocr_line' id='line_1_12' title="bbox 163 1376 935 1453; baseline 0.001 -13"><span class='ocrx_word' id='word_1_48' title='bbox 163 1412 170 1421; x_wconf 79' lang='lat'>,</span> <span class='ocrx_word' id='word_1_49' title='bbox 251 1379 432 1440; x_wconf 85' lang='lat' dir='ltr'>Famosam.</span> <span class='ocrx_word' id='word_1_50' title='bbox 477 1376 643 1438; x_wconf 84' lang='lat' dir='ltr'>Lacrimas</span> <span class='ocrx_word' id='word_1_51' title='bbox 666 1377 780 1453; x_wconf 78' lang='lat' dir='ltr'>frande,</span> <span class='ocrx_word' id='word_1_52' title='bbox 807 1379 935 1445; x_wconf 82' lang='lat' dir='ltr'>Saaevia.</span> 
     </span>
    </p>

    <p class='ocr_par' dir='ltr' id='par_1_6' title="bbox 247 1477 989 1565">
     <span class='ocr_line' id='line_1_13' title="bbox 247 1477 989 1565; baseline -0.005 -21"><span class='ocrx_word' id='word_1_53' title='bbox 247 1481 409 1560; x_wconf 84' lang='lat' dir='ltr'>Praeceps</span> <span class='ocrx_word' id='word_1_54' title='bbox 431 1477 589 1541; x_wconf 89' lang='lat' dir='ltr'>immerito</span> <span class='ocrx_word' id='word_1_55' title='bbox 614 1478 772 1557; x_wconf 84' lang='lat' dir='ltr'>Carolus,</span> <span class='ocrx_word' id='word_1_56' title='bbox 795 1482 860 1543; x_wconf 90' lang='lat' dir='ltr'>heu</span> <span class='ocrx_word' id='word_1_57' title='bbox 883 1480 989 1565; x_wconf 82' lang='lat' dir='ltr'>nefas!</span> 
     </span>
    </p>

    <p class='ocr_par' dir='ltr' id='par_1_7' title="bbox 162 1580 1158 1766">
     <span class='ocr_line' id='line_1_14' title="bbox 252 1580 1158 1664; baseline -0.001 -20"><span class='ocrx_word' id='word_1_58' title='bbox 252 1580 418 1644; x_wconf 85' lang='lat' dir='ltr'>Exstinxit</span> <span class='ocrx_word' id='word_1_59' title='bbox 439 1580 551 1662; x_wconf 86' lang='lat' dir='ltr'>iugulo</span> <span class='ocrx_word' id='word_1_60' title='bbox 575 1581 778 1664; x_wconf 85' lang='lat' dir='ltr'>sanguineam</span> <span class='ocrx_word' id='word_1_61' title='bbox 801 1582 896 1646; x_wconf 86' lang='lat' dir='ltr'>sitim.</span> <span class='ocrx_word' id='word_1_62' title='bbox 1118 1581 1158 1643; x_wconf 83' lang='lat'>95</span> 
     </span>
     <span class='ocr_line' id='line_1_15' title="bbox 162 1680 947 1766; baseline 0.001 -21"><span class='ocrx_word' id='word_1_63' title='bbox 162 1707 168 1717; x_wconf 54' lang='lat'>¹</span> <span class='ocrx_word' id='word_1_64' title='bbox 252 1683 387 1764; x_wconf 86' lang='lat' dir='ltr'>Sceptro</span> <span class='ocrx_word' id='word_1_65' title='bbox 411 1680 482 1766; x_wconf 89' lang='lat' dir='ltr'>quis</span> <span class='ocrx_word' id='word_1_66' title='bbox 504 1681 628 1745; x_wconf 80' lang='lat' dir='ltr'>iruuenis</span> <span class='ocrx_word' id='word_1_67' title='bbox 652 1683 729 1745; x_wconf 82' lang='lat' dir='ltr'>fidat</span> <span class='ocrx_word' id='word_1_68' title='bbox 751 1695 783 1746; x_wconf 90' lang='lat' dir='ltr'>et</span> <span class='ocrx_word' id='word_1_69' title='bbox 805 1682 947 1747; x_wconf 84' lang='lat' dir='ltr'>annulo?</span> 
     </span>
    </p>

    <p class='ocr_par' dir='ltr' id='par_1_8' title="bbox 257 1783 897 1866">
     <span class='ocr_line' id='line_1_16' title="bbox 257 1783 897 1866; baseline -0.002 -18"><span class='ocrx_word' id='word_1_70' title='bbox 257 1784 345 1848; x_wconf 88' lang='lat' dir='ltr'>Fatis</span> <span class='ocrx_word' id='word_1_71' title='bbox 367 1783 426 1845; x_wconf 90' lang='lat' dir='ltr'>iste</span> <span class='ocrx_word' id='word_1_72' title='bbox 448 1793 536 1844; x_wconf 75' lang='lat' dir='ltr'>terram</span> <span class='ocrx_word' id='word_1_73' title='bbox 559 1784 700 1863; x_wconf 81' lang='lat' dir='ltr'>prodidit</span> <span class='ocrx_word' id='word_1_74' title='bbox 721 1785 897 1866; x_wconf 84' lang='lat' dir='ltr'>improbis,</span> 
     </span>
    </p>

    <p class='ocr_par' dir='ltr' id='par_1_9' title="bbox 257 1872 733 1964">
     <span class='ocr_line' id='line_1_17' title="bbox 257 1872 733 1964; baseline -0.004 -15"><span class='ocrx_word' id='word_1_75' title='bbox 257 1884 459 1958; x_wconf 88' lang='lat' dir='ltr'>Conradine,</span> <span class='ocrx_word' id='word_1_76' title='bbox 485 1872 616 1964; x_wconf 69' lang='lat' dir='ltr'>caput&#39;.”</span> <span class='ocrx_word' id='word_1_77' title='bbox 728 1884 733 1917; x_wconf 86' lang='lat'>¹</span> 
     </span>
    </p>

    <p class='ocr_par' dir='ltr' id='par_1_10' title="bbox 173 1986 1131 2071">
     <span class='ocr_line' id='line_1_18' title="bbox 173 1986 1131 2071; baseline -0.007 -18"><span class='ocrx_word' id='word_1_78' title='bbox 173 1992 237 2054; x_wconf 87' lang='lat' dir='ltr'>Seu</span> <span class='ocrx_word' id='word_1_79' title='bbox 258 1986 425 2070; x_wconf 88' lang='lat' dir='ltr'>proprium</span> <span class='ocrx_word' id='word_1_80' title='bbox 447 1987 568 2049; x_wconf 89' lang='lat' dir='ltr'>Flacco</span> <span class='ocrx_word' id='word_1_81' title='bbox 592 2008 677 2049; x_wconf 90' lang='lat' dir='ltr'>mens</span> <span class='ocrx_word' id='word_1_82' title='bbox 700 1998 748 2050; x_wconf 88' lang='lat' dir='ltr'>est</span> <span class='ocrx_word' id='word_1_83' title='bbox 770 1988 962 2071; x_wconf 88' lang='lat' dir='ltr'>subiungere</span> <span class='ocrx_word' id='word_1_84' title='bbox 985 2006 1131 2060; x_wconf 89' lang='lat' dir='ltr'>carmen,</span> 
     </span>
    </p>

    <p class='ocr_par' dir='ltr' id='par_1_11' title="bbox 112 2074 1256 2174">
     <span class='ocr_line' id='line_1_19' title="bbox 112 2074 1256 2174; baseline -0.009 -19"><span class='ocrx_word' id='word_1_85' title='bbox 112 2112 117 2117; x_wconf 88' lang='grc'>·</span> <span class='ocrx_word' id='word_1_86' title='bbox 168 2093 270 2174; x_wconf 86' lang='lat' dir='ltr'>quue</span> <span class='ocrx_word' id='word_1_87' title='bbox 294 2091 346 2152; x_wconf 85' lang='lat' dir='ltr'>vel</span> <span class='ocrx_word' id='word_1_88' title='bbox 367 2089 499 2151; x_wconf 89' lang='lat' dir='ltr'>incisum</span> <span class='ocrx_word' id='word_1_89' title='bbox 510 2117 523 2164; x_wconf 91' lang='lat'>,·</span> <span class='ocrx_word' id='word_1_90' title='bbox 543 2087 723 2173; x_wconf 84' lang='lat' dir='ltr'>priscisque</span> <span class='ocrx_word' id='word_1_91' title='bbox 746 2090 877 2172; x_wconf 88' lang='lat' dir='ltr'>aequale</span> <span class='ocrx_word' id='word_1_92' title='bbox 893 2087 1076 2152; x_wconf 73' lang='lat' dir='ltr'>cothurnis:</span> <span class='ocrx_word' id='word_1_93' title='bbox 1102 2087 1163 2147; x_wconf 87' lang='grc'>100</span> <span class='ocrx_word' id='word_1_94' title='bbox 1250 2074 1256 2083; x_wconf 65' lang='grc'>’</span> 
     </span>
    </p>

    <p class='ocr_par' dir='ltr' id='par_1_12' title="bbox 171 2190 849 2274">
     <span class='ocr_line' id='line_1_20' title="bbox 171 2190 849 2274; baseline -0.022 -7"><span class='ocrx_word' id='word_1_95' title='bbox 171 2192 314 2266; x_wconf 76' lang='lat' dir='ltr'>„Metire</span> <span class='ocrx_word' id='word_1_96' title='bbox 336 2190 490 2273; x_wconf 85' lang='lat' dir='ltr'>primum,</span> <span class='ocrx_word' id='word_1_97' title='bbox 514 2212 553 2253; x_wconf 91' lang='lat' dir='ltr'>ne</span> <span class='ocrx_word' id='word_1_98' title='bbox 574 2211 711 2274; x_wconf 78' lang='lat' dir='ltr'>peragas</span> <span class='ocrx_word' id='word_1_99' title='bbox 734 2191 849 2252; x_wconf 85' lang='lat' dir='ltr'>scelus.</span> 
     </span>
    </p>

    <p class='ocr_par' dir='ltr' id='par_1_13' title="bbox 170 2290 803 2374">
     <span class='ocr_line' id='line_1_21' title="bbox 170 2290 803 2374; baseline -0.005 -18"><span class='ocrx_word' id='word_1_100' title='bbox 170 2294 226 2356; x_wconf 89' lang='lat' dir='ltr'>Nil</span> <span class='ocrx_word' id='word_1_101' title='bbox 249 2292 496 2374; x_wconf 86' lang='lat' dir='ltr'>concupiscens,</span> <span class='ocrx_word' id='word_1_102' title='bbox 519 2292 663 2373; x_wconf 81' lang='lat' dir='ltr'>possidet</span> <span class='ocrx_word' id='word_1_103' title='bbox 685 2290 803 2354; x_wconf 90' lang='lat' dir='ltr'>omnia.</span> 
     </span>
    </p>

    <p class='ocr_par' dir='ltr' id='par_1_14' title="bbox 174 2396 782 2479">
     <span class='ocr_line' id='line_1_22' title="bbox 174 2396 782 2479; baseline -0.01 -20"><span class='ocrx_word' id='word_1_104' title='bbox 174 2396 322 2479; x_wconf 87' lang='lat' dir='ltr'>Regnum</span> <span class='ocrx_word' id='word_1_105' title='bbox 346 2407 393 2458; x_wconf 90' lang='lat' dir='ltr'>est</span> <span class='ocrx_word' id='word_1_106' title='bbox 415 2414 524 2455; x_wconf 88' lang='lat' dir='ltr'>carere</span> <span class='ocrx_word' id='word_1_107' title='bbox 546 2413 642 2475; x_wconf 87' lang='lat' dir='ltr'>posse</span> <span class='ocrx_word' id='word_1_108' title='bbox 665 2414 782 2476; x_wconf 88' lang='lat' dir='ltr'>regno.</span> 
     </span>
    </p>

    <p class='ocr_par' dir='ltr' id='par_1_15' title="bbox 257 2482 857 2578">
     <span class='ocr_line' id='line_1_23' title="bbox 257 2482 857 2578; baseline -0.003 -19"><span class='ocrx_word' id='word_1_109' title='bbox 257 2499 390 2578; x_wconf 86' lang='lat' dir='ltr'>Semper</span> <span class='ocrx_word' id='word_1_110' title='bbox 411 2494 505 2575; x_wconf 89' lang='lat' dir='ltr'>inops</span> <span class='ocrx_word' id='word_1_111' title='bbox 528 2493 652 2556; x_wconf 89' lang='lat' dir='ltr'>inhians</span> <span class='ocrx_word' id='word_1_112' title='bbox 674 2494 804 2557; x_wconf 84' lang='lat' dir='ltr'>suturis.</span> <span class='ocrx_word' id='word_1_113' title='bbox 855 2482 857 2485; x_wconf 33' lang='lat'>⁵</span> 
     </span>
    </p>

    <p class='ocr_par' dir='ltr' id='par_1_16' title="bbox 175 2596 805 2677">
     <span class='ocr_line' id='line_1_24' title="bbox 175 2596 805 2677; baseline -0.014 -14"><span class='ocrx_word' id='word_1_114' title='bbox 175 2596 327 2676; x_wconf 75' lang='lat' dir='ltr'>Quaerite</span> <span class='ocrx_word' id='word_1_115' title='bbox 349 2598 418 2659; x_wconf 88' lang='lat' dir='ltr'>laus</span> <span class='ocrx_word' id='word_1_116' title='bbox 440 2596 470 2657; x_wconf 93' lang='lat' dir='ltr'>in</span> <span class='ocrx_word' id='word_1_117' title='bbox 493 2599 615 2677; x_wconf 86' lang='lat' dir='ltr'>probra</span> <span class='ocrx_word' id='word_1_118' title='bbox 637 2597 805 2659; x_wconf 87' lang='lat' dir='ltr'>relabitur.</span> 
     </span>
    </p>

    <p class='ocr_par' dir='ltr' id='par_1_17' title="bbox 172 2697 705 2783">
     <span class='ocr_line' id='line_1_25' title="bbox 172 2697 705 2783; baseline -0.004 -20"><span class='ocrx_word' id='word_1_119' title='bbox 172 2701 311 2783; x_wconf 90' lang='lat' dir='ltr'>Ignotus</span> <span class='ocrx_word' id='word_1_120' title='bbox 335 2697 408 2761; x_wconf 86' lang='lat' dir='ltr'>orbi</span> <span class='ocrx_word' id='word_1_121' title='bbox 431 2697 541 2762; x_wconf 90' lang='lat' dir='ltr'>notior</span> <span class='ocrx_word' id='word_1_122' title='bbox 562 2708 611 2760; x_wconf 91' lang='lat' dir='ltr'>est</span> <span class='ocrx_word' id='word_1_123' title='bbox 632 2698 705 2763; x_wconf 85' lang='lat' dir='ltr'>sibi.</span> 
     </span>
    </p>

    <p class='ocr_par' dir='ltr' id='par_1_18' title="bbox 177 2798 675 2881">
     <span class='ocr_line' id='line_1_26' title="bbox 177 2798 675 2881; baseline -0.01 -16"><span class='ocrx_word' id='word_1_124' title='bbox 177 2804 301 2865; x_wconf 89' lang='lat' dir='ltr'>Stetere</span> <span class='ocrx_word' id='word_1_125' title='bbox 324 2821 388 2862; x_wconf 88' lang='lat' dir='ltr'>nnn</span> <span class='ocrx_word' id='word_1_126' title='bbox 409 2799 503 2881; x_wconf 90' lang='lat' dir='ltr'>pauci</span> <span class='ocrx_word' id='word_1_127' title='bbox 524 2798 675 2863; x_wconf 86' lang='lat' dir='ltr'>iacendo:</span> 
     </span>
    </p>

    <p class='ocr_par' dir='ltr' id='par_1_19' title="bbox 261 2900 796 2969">
     <span class='ocr_line' id='line_1_27' title="bbox 261 2900 796 2969; baseline -0.004 -4"><span class='ocrx_word' id='word_1_128' title='bbox 261 2904 383 2965; x_wconf 86' lang='lat' dir='ltr'>Stando</span> <span class='ocrx_word' id='word_1_129' title='bbox 407 2901 501 2963; x_wconf 88' lang='lat' dir='ltr'>etiam</span> <span class='ocrx_word' id='word_1_130' title='bbox 523 2900 650 2969; x_wconf 84' lang='lat' dir='ltr'>iacuere</span> <span class='ocrx_word' id='word_1_131' title='bbox 674 2900 796 2965; x_wconf 83' lang='lat' dir='ltr'>multi.’&#39;</span> 
     </span>
    </p>

    <p class='ocr_par' dir='ltr' id='par_1_20' title="bbox 179 3002 983 3083">
     <span class='ocr_line' id='line_1_28' title="bbox 179 3002 983 3083; baseline -0.009 -13"><span class='ocrx_word' id='word_1_132' title='bbox 179 3006 246 3070; x_wconf 92' lang='lat' dir='ltr'>Vel</span> <span class='ocrx_word' id='word_1_133' title='bbox 268 3015 387 3067; x_wconf 85' lang='lat' dir='ltr'>tantum</span> <span class='ocrx_word' id='word_1_134' title='bbox 411 3002 503 3082; x_wconf 88' lang='lat' dir='ltr'>lyrici</span> <span class='ocrx_word' id='word_1_135' title='bbox 527 3003 607 3064; x_wconf 85' lang='lat' dir='ltr'>vatis</span> <span class='ocrx_word' id='word_1_136' title='bbox 630 3002 835 3065; x_wconf 82' lang='lat' dir='ltr'>concentibus</span> <span class='ocrx_word' id='word_1_137' title='bbox 858 3013 983 3083; x_wconf 82' lang='lat' dir='ltr'>apttuu:</span> 
     </span>
    </p>

    <p class='ocr_par' dir='ltr' id='par_1_21' title="bbox 183 3101 1171 3185">
     <span class='ocr_line' id='line_1_29' title="bbox 183 3101 1171 3185; baseline -0.008 -17"><span class='ocrx_word' id='word_1_138' title='bbox 183 3107 258 3181; x_wconf 86' lang='lat' dir='ltr'>„Ne</span> <span class='ocrx_word' id='word_1_139' title='bbox 281 3106 374 3168; x_wconf 85' lang='lat' dir='ltr'>differ</span> <span class='ocrx_word' id='word_1_140' title='bbox 390 3108 531 3167; x_wconf 26' lang='lat' dir='ltr'>*Hunnos</span> <span class='ocrx_word' id='word_1_141' title='bbox 554 3105 672 3185; x_wconf 89' lang='lat' dir='ltr'>pellere</span> <span class='ocrx_word' id='word_1_142' title='bbox 694 3107 810 3184; x_wconf 87' lang='lat' dir='ltr'>patria.</span> <span class='ocrx_word' id='word_1_143' title='bbox 1110 3101 1171 3163; x_wconf 83' lang='lat'>110</span> 
     </span>
    </p>

    <p class='ocr_par' dir='ltr' id='par_1_22' title="bbox 180 3205 820 3482">
     <span class='ocr_line' id='line_1_30' title="bbox 180 3205 820 3289; baseline -0.013 -18"><span class='ocrx_word' id='word_1_144' title='bbox 180 3206 314 3282; x_wconf 87' lang='lat' dir='ltr'>Virtus,</span> <span class='ocrx_word' id='word_1_145' title='bbox 341 3208 484 3289; x_wconf 91' lang='lat' dir='ltr'>ligonum</span> <span class='ocrx_word' id='word_1_146' title='bbox 508 3226 597 3269; x_wconf 86' lang='lat' dir='ltr'>more</span> <span class='ocrx_word' id='word_1_147' title='bbox 620 3205 820 3277; x_wconf 88' lang='lat' dir='ltr'>rubentium,</span> 
     </span>
     <span class='ocr_line' id='line_1_31' title="bbox 265 3306 748 3390; baseline -0.008 -19"><span class='ocrx_word' id='word_1_148' title='bbox 265 3308 463 3390; x_wconf 75' lang='lat' dir='ltr'>splendescit</span> <span class='ocrx_word' id='word_1_149' title='bbox 485 3306 612 3383; x_wconf 86' lang='lat' dir='ltr'>attritu,</span> <span class='ocrx_word' id='word_1_150' title='bbox 637 3309 748 3369; x_wconf 92' lang='lat' dir='ltr'>labore</span> 
     </span>
     <span class='ocr_line' id='line_1_32' title="bbox 267 3392 746 3482; baseline -0.013 -7"><span class='ocrx_word' id='word_1_151' title='bbox 267 3409 419 3475; x_wconf 89' lang='lat' dir='ltr'>Continui</span> <span class='ocrx_word' id='word_1_152' title='bbox 441 3392 624 3472; x_wconf 85' lang='lat' dir='ltr'>renovanda</span> <span class='ocrx_word' id='word_1_153' title='bbox 647 3407 746 3482; x_wconf 61' lang='lat' dir='ltr'>betti„</span> 
     </span>
    </p>

    <p class='ocr_par' dir='ltr' id='par_1_23' title="bbox 180 3498 778 3592">
     <span class='ocr_line' id='line_1_33' title="bbox 180 3498 778 3592; baseline -0.013 -14"><span class='ocrx_word' id='word_1_154' title='bbox 180 3516 306 3578; x_wconf 88' lang='lat' dir='ltr'>lactura</span> <span class='ocrx_word' id='word_1_155' title='bbox 329 3532 393 3572; x_wconf 90' lang='lat' dir='ltr'>non</span> <span class='ocrx_word' id='word_1_156' title='bbox 416 3522 462 3571; x_wconf 91' lang='lat' dir='ltr'>est</span> <span class='ocrx_word' id='word_1_157' title='bbox 485 3521 588 3572; x_wconf 83' lang='lat' dir='ltr'>nrorte</span> <span class='ocrx_word' id='word_1_158' title='bbox 611 3498 778 3592; x_wconf 85' lang='lat' dir='ltr'>perennius</span> 
     </span>
    </p>

    <p class='ocr_par' dir='ltr' id='par_1_24' title="bbox 183 3612 856 3695">
     <span class='ocr_line' id='line_1_34' title="bbox 183 3612 856 3695; baseline -0.01 -15"><span class='ocrx_word' id='word_1_159' title='bbox 183 3617 309 3680; x_wconf 75' lang='lat' dir='ltr'>Aenum</span> <span class='ocrx_word' id='word_1_160' title='bbox 332 3612 461 3695; x_wconf 80' lang='lat' dir='ltr'>pacisci.</span> <span class='ocrx_word' id='word_1_161' title='bbox 507 3612 570 3691; x_wconf 89' lang='lat' dir='ltr'>Qui</span> <span class='ocrx_word' id='word_1_162' title='bbox 592 3613 856 3691; x_wconf 81' lang='lat' dir='ltr'>patriaemernor</span> 
     </span>
    </p>

    <p class='ocr_par' dir='ltr' id='par_1_25' title="bbox 186 3698 867 3897">
     <span class='ocr_line' id='line_1_35' title="bbox 186 3698 661 3798; baseline -0.015 -16"><span class='ocrx_word' id='word_1_163' title='bbox 186 3717 317 3798; x_wconf 88' lang='lat' dir='ltr'>Corpus</span> <span class='ocrx_word' id='word_1_164' title='bbox 338 3698 505 3796; x_wconf 79' lang='lat' dir='ltr'>fatigaittru</span> <span class='ocrx_word' id='word_1_165' title='bbox 527 3714 661 3776; x_wconf 85' lang='lat' dir='ltr'>reclinat</span> 
     </span>
     <span class='ocr_line' id='line_1_36' title="bbox 267 3800 867 3897; baseline -0.012 -16"><span class='ocrx_word' id='word_1_166' title='bbox 267 3816 487 3889; x_wconf 77' lang='lat' dir='ltr'>Vulneribus,</span> <span class='ocrx_word' id='word_1_167' title='bbox 513 3815 592 3877; x_wconf 87' lang='lat' dir='ltr'>iacet</span> <span class='ocrx_word' id='word_1_168' title='bbox 614 3815 645 3877; x_wconf 91' lang='lat' dir='ltr'>in</span> <span class='ocrx_word' id='word_1_169' title='bbox 668 3800 867 3897; x_wconf 74' lang='lat' dir='ltr'>triumpho.”</span> 
     </span>
    </p>
   </div>
   <div class='ocr_carea' id='block_1_3' title="bbox 513 4058 727 4072">
    <p class='ocr_par' dir='ltr' id='par_1_26' title="bbox 513 4058 727 4072">
     <span class='ocr_line' id='line_1_37' title="bbox 513 4058 727 4072; baseline -0.019 0"><span class='ocrx_word' id='word_1_170' title='bbox 513 4058 727 4072; x_wconf 83' lang='lat'><em>...-.----</em></span> 
     </span>
    </p>
   </div>
   <div class='ocr_carea' id='block_1_4' title="bbox 0 0 1412 4762">
    <p class='ocr_par' dir='ltr' id='par_1_27' title="bbox 0 0 1412 4762">
     <span class='ocr_line' id='line_1_38' title="bbox 0 0 1412 4762; baseline 0 0"><span class='ocrx_word' id='word_1_171' title='bbox 0 0 1412 4762; x_wconf 95' lang='lat' dir='ltr'> </span> 
     </span>
    </p>
   </div>
  </div>
 </body>
</html>
