2762 4760
234 213 276 277 et

233 374 422 459 Lunamque
444 381 476 437 et
498 371 578 439 eolis
598 371 764 456 praeclara
787 371 859 436 luce
883 369 1038 436 nitorem:

234 475 350 541 Omnia
370 496 452 561 quae
473 474 603 538 nuncsi
623 473 759 559 primum
782 473 970 538 mortalibus
987 486 1106 549 essent,

235 579 289 641 Ex
307 575 500 660 improviso·
511 577 538 641 si
557 576 619 640 siut
638 576 766 641 obiecta
784 587 932 658 repente;

234 679 319 761 Quid
339 679 442 765 magis
462 679 513 743 his
533 681 629 743 rebus
649 689 777 761 poterat
794 678 938 741 mirabile
960 677 1040 755 dici,
1268 679 1357 741 1035

230 783 299 848 Aut
319 781 421 846 minus
442 792 513 845 ante
532 784 620 867 quod
642 784 794 845 auderent
812 781 886 845 fore
909 784 1040 844 credere
1062 780 1196 865 gentes?

234 884 308 962 Nil,
332 896 366 946 ut
384 883 520 966 opinor;
544 882 587 946 ita
606 884 686 947 haec
710 882 832 965 species
850 882 991 946 miranda
1008 881 1139 956 suisset,

234 987 338 1068 Quam
354 986 414 1049 tibi
429 985 492 1049 iam
514 1007 629 1063 nemo,
651 986 753 1049 fessus
774 984 883 1049 satiate
906 984 1050 1060 videndi,

203 1110 206 1117 “
231 1089 401 1172 suspicere
422 1092 454 1155 in
477 1088 558 1154 caeli
579 1088 729 1173 dignatur
750 1087 854 1149 lucida
875 1086 1006 1168 templa.

232 1191 352 1258 Desine
371 1203 590 1280 quapropter,
612 1188 946 1255 novitateexterritus
963 1187 1049 1271 ipsa,
1269 1194 1357 1254 1010

229 1297 398 1378 Exspuere
421 1293 589 1359 exanimo
611 1291 788 1356 rationem:
813 1294 870 1355 sed
893 1290 994 1377 magis
1016 1291 1084 1355 acri

232 1389 360 1461 Iudicio
383 1399 545 1480 perpende
568 1406 615 1471 et,
637 1394 664 1458 si
688 1393 747 1457 tibi
766 1415 841 1457 vera
865 1392 1029 1471 videntur,

230 1499 323 1563 Dede
345 1520 472 1574 manus3
495 1508 563 1574 aut,
586 1495 614 1560 si
634 1496 797 1574 falsumst,
820 1494 990 1580 accingere
1013 1507 1139 1561 contra.

232 1596 366 1681 Quaerit
383 1600 465 1664 enim
487 1598 644 1664 rationem
663 1597 799 1674 animus,
823 1621 920 1684 quom
942 1621 1060 1662 summa
1081 1598 1147 1664 loci
1169 1598 1208 1663 sit

230 1702 360 1767 Infinita
381 1703 465 1767 soris
486 1704 566 1767 haec
588 1712 680 1765 extra
700 1700 824 1765 moenia
845 1700 969 1778 muudi,
1092 1708 1095 1715 '
1266 1706 1354 1769 1015

231 1805 317 1886 Quid
339 1804 379 1869 sit
400 1804 446 1868 ibi
468 1825 589 1888 porro,
612 1825 676 1888 quo
699 1803 888 1887 prospicere
911 1825 1010 1888 usque
1035 1802 1112 1867 velit
1134 1825 1219 1867 meus

229 1909 339 1993 Atque
360 1905 455 1970 animi
474 1905 576 1970 iactus
596 1905 764 1991 liberque
786 1905 933 1988 pervolet
952 1905 1034 1987 ipse.

292 2009 461 2093 Principio
484 2009 579 2074 nobis
603 2008 636 2073 iu
659 2018 788 2071 cunctas
809 2007 949 2093 undique
969 2007 1088 2091 parteis

234 2114 279 2177 Et
297 2112 396 2176 latere
418 2133 459 2175 cx
480 2122 618 2196 utroque
637 2109 786 2195 infraque
803 2131 961 2195 superque
980 2132 1038 2194 per
1059 2132 1151 2175 omne

228 2213 357 2289 Nullast
376 2213 466 2290 linis,
488 2212 535 2280 uti
555 2211 652 2278 docui
670 2233 722 2275 res
742 2211 875 2298 ipsaque
896 2234 955 2295 per
976 2234 1009 2276 se
1262 2219 1355 2284 1050

230 2315 443 2381 Vociferatur
465 2325 496 2379 et
511 2315 614 2379 elucet
633 2325 743 2378 natura
763 2314 930 2396 profundi.

227 2417 327 2482 Nullo
351 2417 412 2481 iam
435 2428 532 2501 pacto
552 2415 623 2481 veri
643 2417 744 2481 simile
763 2439 831 2481 esse
853 2421 1072 2500 putandumst,

227 2519 375 2605 Undique
394 2542 491 2606 quom
512 2540 643 2584 vorsum
662 2517 795 2600 spatium
820 2532 910 2584 vacet
928 2519 1100 2599 inlinitum,

168 2646 170 2651 ·
197 2606 200 2612 Δ
230 2622 421 2707 Seminaque
442 2622 608 2686 innumero
628 2641 760 2684 numero
783 2642 964 2708 summaque
985 2625 1147 2708 profunda

230 2724 433 2790 Multimodis
455 2722 592 2786 volitent
613 2733 743 2786 aeterno
767 2723 889 2804 percita
912 2737 1015 2804 motu,
1263 2736 1353 2800 1055

227 2829 324 2890 Hunc
345 2848 439 2889 uuum
461 2836 618 2889 terrarum
641 2828 753 2889 orbem
776 2824 958 2912 caelumque
981 2810 1139 2894 creatum:

279 3101 354 3150 1032.
374 3101 528 3163 Lunamque]
547 3106 586 3149 Sic
603 3104 634 3148 Ε.
651 3105 711 3148 Ver.
731 3105 791 3149 Ven.
809 3105 854 3150 dv.
867 3105 897 3148 P.
909 3107 951 3150 W.
971 3131 1003 3140 —
1021 3105 1153 3167 Lunaeque
1165 3110 1195 3153 A.
1208 3109 1242 3155 L.
1258 3113 1297 3158 Η.
1322 3139 1352 3149 -

225 3172 257 3219 Et
274 3175 349 3219 lunai*
363 3171 394 3222 A.
415 3195 444 3206 -
464 3173 550 3218 Lunui'
564 3174 666 3218 etssod.
687 3174 719 3219 0.
737 3179 761 3219 et
777 3188 844 3219 rneus
862 3175 890 3219 C.
910 3176 977 3220 Brix.
996 3178 1066 3231 prob.
1086 3178 1129 3223 W.
1147 3178 1222 3224 Forlr.
1260 3182 1353 3229 Mine

224 3258 285 3288 nuuc
303 3247 395 3300 placet,
416 3244 469 3301 quia
484 3244 637 3301 praeclarus
655 3248 721 3290 nitor
739 3246 788 3290 Soli
808 3245 900 3302 quidem
919 3247 1041 3300 aptissime
1060 3247 1186 3303 tribuitur,
1212 3263 1266 3294 nou
1290 3254 1352 3299 item

224 3315 325 3369 pallidae
344 3315 435 3357 Lunae.
474 3309 549 3358 1033.
569 3312 605 3356 lta
618 3313 711 3370 Codd.,
731 3316 802 3359 etiarn
814 3315 844 3358 C.
857 3314 888 3361 Ε,
901 3314 962 3360 Edd.
977 3321 1034 3363 vett.
1049 3317 1090 3361 W.
1110 3338 1144 3349 -
1162 3318 1254 3363 adsint
1266 3321 1307 3368 Α.
1324 3324 1352 3367 Ι..

224 3384 254 3427 Η.
274 3384 390 3441 Equidem
403 3382 500 3428 unatim:
520 3388 634 3438 exstent,
654 3390 680 3429 ut
697 3389 814 3442 congruat
830 3389 923 3439 tempus
941 3399 995 3429 eum
1012 3399 1063 3442 seq.
1078 3387 1103 3429 σι’
1114 3388 1174 3431 sint.
1213 3386 1307 3437 1034.
1332 3393 1353 3437 si

225 3452 302 3497 Codd.
315 3453 377 3496 Edd.
391 3457 448 3496 vett.
460 3453 501 3500 W.
521 3475 554 3485 —
571 3466 617 3497 ceu
627 3456 671 3499 Av.
683 3455 713 3498 P.
728 3454 758 3498 Α.
771 3455 800 3500 L.
815 3455 845 3498 Η.
860 3454 951 3499 Eichst.
1002 3452 1074 3499 1038.
1095 3471 1167 3514 quum
1179 3456 1262 3503 Codd.
1280 3461 1353 3507 Edd.

222 3526 280 3587 vett.
302 3523 340 3576 „i.
356 3536 378 3566 e.
399 3523 527 3565 secuudum
540 3535 609 3578 quum
627 3525 747 3578 speciem,
767 3524 804 3567 vel
823 3524 884 3579 quod
903 3525 930 3567 ad
950 3524 1009 3568 hunc
1027 3525 1131 3579 speciem
1149 3527 1292 3580 pertinet.”
1309 3534 1352 3576 W.

222 3591 267 3635 Est
284 3592 378 3646 potius:
406 3591 484 3645 „haec
504 3593 596 3646 species
620 3607 694 3650 aeque
719 3598 768 3636 tum
786 3594 892 3637 inirundu
909 3594 1009 3649 fuisset,
1034 3608 1062 3638 ec
1080 3609 1149 3639 uerno
1167 3610 1231 3640 nunc
1253 3599 1309 3645 tibi
1331 3602 1352 3645 iu

222 3662 315 3706 caelum
333 3661 453 3715 suspicere
472 3662 608 3720 dignatur.”
642 3663 727 3721 Pinzg.
747 3666 770 3706 et
787 3661 862 3707 Forb.
881 3663 915 3706 sic
933 3665 1064 3719 explicant.
1085 3666 1163 3719 „duae
1182 3672 1352 3715 construendi

221 3731 327 3774 rationes
346 3731 474 3785 suspicere
492 3732 600 3787 speciem
618 3736 642 3775 et
659 3731 790 3788 suspicere
807 3732 835 3775 in
853 3733 949 3776 caelum
967 3733 1006 3777 hic
1024 3735 1047 3777 in
1067 3748 1136 3778 unum
1151 3734 1273 3782 conflatae
1294 3745 1354 3785 sunt

222 3800 258 3853 (ut
276 3799 345 3842 nobis
362 3800 440 3844 dicere
460 3801 529 3845 licet:
561 3798 627 3844 uncle
650 3801 720 3843 einer
743 3797 921 3861 Ersclteinung
943 3815 1000 3845 eum
1022 3801 1132 3847 Himmsl
1154 3801 1351 3862 cussclecueul.

221 3871 313 3913 Verum
336 3869 417 3912 dubito
440 3884 470 3912 au
488 3869 565 3912 Latini
590 3871 626 3913 vel
645 3870 788 3927 cogitatione
808 3886 909 3929 uuquam
927 3871 1047 3916 iuuxsriut
1064 3873 1194 3930 suspicere
1212 3880 1351 3931 speciem.

220 3951 337 3996 -quom
351 3939 378 3982 de
388 3937 460 3982 Fabri
471 3939 580 3983 etBentl.
594 3939 657 3981 coni.
672 3940 702 3983 Η.
741 3937 816 3985 1010.
834 3940 900 3997 (ipse
910 3941 952 3988 W.
965 3943 1028 3986 coni.
1041 3940 1180 3986 confirmata
1190 3958 1204 3987 s
1214 3945 1288 3991 Cod.
1299 3947 1353 4005 Π.)

222 4004 298 4052 1011.
318 4020 436 4064 respuere
455 4008 484 4051 L.
503 4007 555 4050 etr.
573 4006 832 4069 'l'erent.Euu.3‚l,
849 4007 889 4054 16.
909 4011 983 4069 quasi
1001 4011 1042 4055 ubi
1059 4011 1129 4054 illum
1148 4023 1291 4067 exspueret
1305 4019 1353 4062 mi·

219 4077 466 4122 seriomexum'mo.
505 4072 580 4121 1012.
600 4075 803 4132 videturA-il.
841 4076 917 4124 1013.
935 4078 1013 4124 Fulsu
1029 4086 1066 4125 est
1077 4082 1119 4125 iid.
1159 4079 1240 4128 1014.
1263 4089 1353 4132 rarlo-

221 4159 276 4188 nem
289 4145 318 4189 C.
331 4145 361 4189 Ε.
376 4146 436 4191 Edd.
448 4150 506 4190 vett.
518 4146 560 4189 W.
581 4169 614 4179 —
631 4147 729 4191 ratione
745 4148 820 4193 Codd.
838 4149 1124 4206 sliqu01.1..tt.sstehsr.
1172 4149 1257 4198 1016.
1282 4158 1355 4201 valet

220 4216 263 4258 W.
278 4215 359 4258 edidit.
374 4217 402 4260 de
415 4216 479 4259 coni.
518 4212 593 4262 1017.
614 4216 695 4261 luctus
707 4213 842 4281 (ἐπιβολὴ
856 4216 965 4276 Epicuri)
978 4220 1039 4264 Cod.
1052 4216 1088 4267 Π.
1100 4219 1207 4265 Gronov.
1222 4227 1303 4271 coni.
1322 4249 1354 4260 ·-

220 4288 302 4329 tuctus
321 4285 397 4329 Codd.
415 4285 476 4329 Edu.
491 4289 549 4330 vett.
570 4309 602 4319 —
620 4291 716 4332 tractus
728 4290 771 4333 ltu.
792 4287 828 4332 lb.
847 4287 926 4333 libero
943 4289 1019 4336 Codd.
1038 4287 1063 4335 4.
1082 4291 1149 4336 Brtx.
1167 4293 1231 4337 Ver.
1256 4316 1301 4329 —
1322 4298 1355 4341 stt
