2750 4744
51 330 132 393 Non
155 328 330 391 dubitaturi
350 327 521 412 fugitiuum
546 327 652 391 dicero
675 327 794 410 piscem

50 433 296 514 Depastumque
319 430 373 493 diu
395 429 519 493 vivaria
544 429 710 504 Caesaris,
734 430 806 493 inde

49 533 229 615 Elapsum,
255 543 395 596 veterem
418 534 459 594 ad
481 532 641 595 dominum
664 534 781 594 debere
804 530 951 595 reverti?

51 635 86 697 Si
109 635 190 718 quid
213 634 383 709 Palfurio,
408 634 435 696 si
451 633 614 701 ,credimus
636 633 829 710 Armillato,

52 735 220 821 Quicquid
242 738 448 818 conspicuum
470 737 702 821 pulchrumque
725 748 773 799 est
796 757 936 820 aequore
960 746 1051 810 toto,

50 840 123 902 Res
146 837 217 901 fisci
240 850 304 913 est,
330 837 512 921 ubicunque
535 848 634 899 natat.
680 837 864 902 Donabitur
886 857 990 921 ergo,
1142 839 1183 900 55

51 941 105 1003 Ne
129 951 257 1022 pereat.
302 941 370 1002 Iam
393 938 523 1002 letifero
548 941 679 1002 cedente
701 939 825 1022 pruinis

51 1041 259 1116 Auctumuo,
284 1040 344 1102 iam
368 1053 552 1125 quartanam
576 1043 779 1122 sperantibus
801 1042 924 1126 aegris,

52 1143 221 1206 Stridebat
243 1143 395 1206 deformis
418 1142 516 1205 hiems
539 1146 754 1229 praedamque
777 1157 938 1207 recentem

39 1230 237 1308 'Servabatz
263 1256 367 1307 tamen
389 1243 442 1307 hic
463 1256 636 1326 properat,
661 1246 749 1308 velut
772 1256 888 1330 urgeat
910 1248 1052 1319 Auster;

52 1347 166 1431 thue
189 1347 275 1408 lacus
297 1350 466 1424 suberant,
489 1346 543 1408 ubi
567 1367 755 1431 quamquam
779 1347 882 1410 diruta
906 1359 1013 1411 servat
1142 1348 1183 1408 60

52 1449 171 1530 Ignem
197 1445 373 1510 Troianum
397 1459 429 1510 et
452 1449 586 1511 Vestam
609 1447 688 1510 colit
709 1449 795 1511 Alba
819 1448 993 1524 minorem,

54 1549 196 1614 Obstitit
216 1548 343 1611 intranti
366 1548 511 1612 miratrix
534 1551 629 1611 turba
653 1571 846 1632 parumper:

52 1653 101 1715 Ut
123 1650 237 1725 cessit,
261 1649 350 1713 sacili
370 1662 544 1733 patuerunt
566 1650 694 1713 cardine
717 1652 843 1717 valvae.

52 1753 193 1816 Exclusi
215 1762 360 1834 spectant
384 1753 519 1815 admissa
543 1753 679 1834 opsonia
703 1755 830 1818 Patres.

53 1856 131 1918 Itur
154 1857 195 1917 ad
217 1854 376 1920 Atridem.
423 1858 505 1917 Tium
530 1856 666 1930 Picens,
689 1857 864 1938 „accipe,’'
889 1858 987 1933 dixit,
1142 1859 1180 1922 65
1248 1853 1251 1860 ’

53 1957 222 2031 „Privatis
245 1955 364 2018 maiora
386 1956 488 2030 socis;
514 1957 646 2041 genialis
670 1971 785 2040 agatur

51 2061 122 2121 Iste
144 2059 226 2133 dies3
251 2079 391 2140 propera
414 2061 610 2123 stomachum
634 2060 744 2123 laxare
766 2060 884 2144 saginis

52 2164 99 2225 Et
121 2174 178 2223 tua
200 2172 363 2223 servatum
386 2182 538 2224 consume
560 2161 592 2223 in
615 2163 722 2224 scocula
741 2164 924 2227 rhombum.

54 2264 131 2345 lpse
154 2263 224 2344 capi
246 2262 384 2325 voluit.'’
409 2294 449 2309 ——
472 2262 559 2343 Quid
580 2263 744 2344 apertius?
766 2267 811 2328 Et
832 2276 935 2330 tamen
959 2266 1005 2330 illi

51 2445 178 2490 delatores
200 2450 310 2500 potentes
329 2448 389 2500 apud
410 2446 573 2491 Domitianum
592 2453 616 2492 et
637 2446 660 2490 hl
672 2478 679 2501 ,
705 2448 846 2493 armillatus
854 2481 860 2503 ,
881 2451 1055 2495 Demosthenes
1075 2455 1099 2494 et
1116 2450 1181 2494 Lati-

51 2529 98 2559 uns
124 2515 308 2559 archimimus.”
337 2516 417 2561 Schol.
470 2513 725 2570 56.„111unntbns,
754 2532 813 2575 quas
831 2520 896 2573 vidi,
926 2521 979 2564 edd.
1012 2524 1067 2574 post
1094 2525 1181 2576 pereat

51 2599 166 2633 comma,
196 2588 225 2626 et
243 2589 297 2637 post
314 2586 402 2643 aegris
419 2590 533 2639 punctum
551 2587 689 2641 reperitur,
723 2601 769 2643 quo
788 2601 888 2642 prorsus
908 2589 1018 2633 turbatur
1042 2603 1100 2633 vera
1118 2589 1142 2633 h.
1163 2589 1180 2632 l.

51 2653 203 2698 seutentia.'’
226 2653 288 2707 Rup.
307 2653 405 2697 Rectum
424 2655 600 2698 distinctionem
621 2655 707 2699 hahent
722 2658 768 2700 mei
781 2662 881 2711 septem.
912 2655 953 2702 57.
968 2663 1118 2716 quartanum
1138 2671 1182 2712 pro

51 2723 197 2766 molestiorc
216 2722 361 2778 quotidiana.
388 2723 462 2766 Falso
479 2724 555 2780 gloss.
577 2723 638 2767 Cod.
653 2724 682 2771 E.
696 2726 880 2780 „timentibus”
917 2723 958 2771 60.
979 2724 1101 2782 superarit
1112 2727 1182 2782 pauci

52 2793 133 2835 Codd.
154 2791 271 2845 probante
291 2792 383 2834 llarrdio
402 2793 431 2835 ud
450 2792 527 2836 (troo.
546 2793 623 2839 Diatr.
645 2792 667 2837 1.
689 2807 713 2848 p.
734 2791 793 2837 428.
825 2815 859 2827 -
885 2801 990 2851 superat
1006 2796 1097 2838 Martii.
1135 2796 1182 2839 Sed

50 2860 186 2904 manifesto
211 2866 278 2904 recta
297 2861 385 2904 tectio:
415 2860 536 2904 suberunt
554 2861 736 2916 (noenum.)
755 2863 816 2916 „ubi
835 2864 1058 2920 appropinquabant
1077 2865 1141 2907 lacus
1153 2865 1182 2919 ;’¹

52 2932 70 2974 i.
93 2943 117 2973 e.
143 2929 204 2982 „ubi
232 2929 339 2983 piscator
365 2931 494 2974 advenerat
520 2931 549 2973 ad
572 2932 704 2975 Domitiani
731 2933 812 2976 villam
839 2932 956 2976 Albanam
974 2932 998 2976 in
1016 2933 1070 2986 ripa
1088 2935 1182 2976 lacuum

51 3001 155 3042 illorum
173 2999 268 3045 sitam.¹'
286 3003 312 3041 ut
328 2998 379 3042 fere
398 2998 446 3041 iam
464 3000 562 3053 Schol.,
583 3000 622 3056 qni
642 3001 694 3054 ipse
713 3014 806 3058 quoque
825 3001 884 3058 legit
901 3000 1029 3044 suberunt.
1081 2999 1122 3045 hl.
1143 2999 1182 3044 I'n·

51 3069 177 3125 telligitor
196 3067 254 3110 villa
277 3068 408 3111 Domitiani
427 3067 531 3112 Athana.
578 3069 639 3112 Alba
659 3070 736 3113 diruta
755 3083 768 3113 a
787 3069 860 3112 Tullo
879 3070 983 3112 Hostilio
1002 3074 1098 3123 praeter
1116 3071 1182 3113 delu-

50 3137 127 3180 brum
146 3138 244 3180 Vestae.
265 3136 346 3180 strab.
368 3132 393 3180 5.
414 3150 437 3191 p.
459 3133 518 3182 160.
563 3135 639 3185 Vasio
658 3138 756 3191 ruiaor,
777 3138 870 3181 scilicet
889 3151 942 3181 cum
960 3137 1068 3180 Romana
1087 3151 1182 3193 compa·

49 3212 118 3252 rata.
158 3204 254 3248 Cultum
272 3205 334 3249 hune
351 3207 440 3249 Vestae
461 3206 483 3248 in
503 3207 589 3261 oppido
608 3207 668 3250 Alba
686 3206 770 3264 Longa
788 3206 922 3250 institutum
940 3206 1039 3249 durasse
1059 3220 1132 3263 usque
1152 3209 1180 3251 ad

50 3274 192 3329 Symmachi
221 3278 343 3329 tempora,
377 3275 393 3317 i.
424 3288 446 3318 e.
473 3288 547 3332 usquc
566 3277 595 3319 ad
613 3274 685 3319 linem
702 3276 847 3333 religionum
864 3275 1043 3328 Romanarum,
1069 3281 1184 3320 notarunt

50 3348 220 3397 Interpretes;
251 3345 409 3401 neglexerunt
426 3345 501 3387 adhuc
520 3345 642 3399 lnscriptt.
662 3336 859 3399 eo'spectantes,
889 3357 947 3400 quas
967 3345 1052 3401 collegi
1072 3346 1096 3388 in
1115 3344 1181 3389 Cura

50 3428 108 3457 anea
128 3411 161 3456 N.
182 3407 259 3456 2240.
279 3417 303 3455 'et
322 3408 416 3472 37⁰1„
435 3414 495 3457 uude
515 3415 646 3467 discimus,
666 3415 865 3470 quemadmodum
883 3413 990 3468 Romae,
1011 3414 1046 3458 sic
1067 3415 1139 3458 etiam
1160 3415 1183 3457 in

52 3482 141 3525 auct:
161 3480 289 3524 ababuc
308 3481 440 3535 praefuisse
453 3483 594 3526 Vestalibus
612 3483 738 3541 Virginem
750 3483 873 3527 Vestalem
885 3483 1030 3526 Maximam:
1053 3487 1078 3525 ut
1091 3482 1182 3527 'tibure

52 3562 167 3608 qnoque:
187 3549 218 3596 Ν.
240 3547 318 3594 2239.
355 3550 416 3593 Erat
433 3552 507 3609 igitur
526 3553 579 3605 hoc,
601 3554 711 3595 utmulta
729 3553 790 3605 alia,
811 3565 858 3595 nou
878 3557 925 3594 tam
943 3551 1092 3604 Romanurn,
1113 3565 1182 3608 qnam

52 3621 168 3664 italicum
196 3619 331 3662 institutum
359 3621 559 3677 antiquissimum.
600 3618 641 3668 63.
666 3621 742 3665 Solito
762 3633 846 3665 errore
865 3618 898 3664 Et
915 3619 993 3664 cessit
1010 3633 1052 3664 sex
1072 3622 1118 3664 mei
1139 3634 1183 3676 pro

53 3688 200 3740 Utceaai15
229 3689 301 3731 solito
326 3690 382 3732 item
407 3704 491 3734 errore
519 3696 668 3746 exspectant
692 3691 794 3747 quinque
812 3695 909 3744 praeter
928 3690 957 3732 A.
978 3689 1182 3746 antiquissimum.

51 3756 187 3814 „Exclusi
206 3767 238 3800 =
258 3758 318 3800 haud
347 3759 445 3802 admissi
475 3760 585 3803 dicuntur
612 3765 693 3815 patres
717 3773 731 3802 a
756 3759 849 3802 foribus
874 3760 994 3804 conclavis
1012 3759 1179 3814 Imperatoris.

51 3827 150 3885 Quibus
169 3826 248 3869 aditus
266 3827 295 3871 ad
314 3827 419 3883 aliquem
438 3829 597 3883 prohibetur,
631 3829 646 3872 ii
666 3827 784 3880 excludi,
815 3829 900 3885 quihus
920 3833 1001 3883 patet,
1027 3827 1128 3872 adruitti
1149 3828 1183 3870 di·

50 3895 169 3941 cuntur.”
186 3894 260 3938 Weh.
323 3893 364 3940 67.
394 3896 530 3957 ,Sugiuial
558 3898 629 3941 datis.
659 3911 705 3939 nou
734 3897 807 3940 ablat.
845 3898 910 3941 Mira
928 3898 1000 3941 lcctio
1019 3900 1080 3957 alpud
1099 3897 1180 3941 Schol.

49 3964 171 4024 sagittis.
192 3963 223 4007 G.
243 3963 273 4006 E.
294 3965 427 4010 Weberus.
470 3966 512 4011 69.
534 3967 649 4024 Quicquid
665 3971 752 4011 contra
771 3966 829 4027 dicit
848 3967 967 4021 Ruperti,
987 3979 1044 4011 sera
1063 3966 1086 4008 h.
1109 3967 1125 4007 Ι.
1146 3965 1181 4007 in·

52 4034 201 4088 terpretatio
220 4033 279 4076 haec
298 4039 349 4078 est:
370 4036 452 4091 „Quid
473 4036 637 4089 ruariifestius,
659 4035 734 4092 iuquit
756 4038 842 4090 potita,
862 4037 943 4091 putida
962 4039 1031 4090 atqua
1046 4034 1124 4087 inepta
1138 4032 1180 4074 hae

49 4100 213 4148 adulatione?
238 4100 415 4147 Nihilominus
439 4104 589 4148 Domitianus
609 4119 636 4148 eu
656 4109 738 4160 captus
758 4106 838 4148 animo
860 4098 1025 4155 efferebatur,
1041 4101 1114 4143 veluti
1132 4103 1182 4157 gat-

49 4177 90 4218 lus
110 4169 238 4228 superbus
255 4170 376 4230 graditur
394 4172 477 4217 ardua
495 4168 591 4218 renuide
609 4175 698 4219 cristis
716 4174 810 4217 celasse.
831 4174 894 4215 Ptin.
913 4169 960 4222 1⁰,
981 4167 1023 4212 21.
1044 4182 1090 4223 quo
1107 4169 1179 4225 sigui-

47 4241 123 4287 ficatu
146 4240 199 4283 ltuli
218 4252 312 4297 quoque
332 4247 448 4297 usurpant
465 4256 488 4286 u.
509 4243 719 4302 ringullnccarai.
756 4239 865 4297 (ltectam
882 4239 941 4280 huuc
960 4236 1183 4290 interpretationem
