2762 4760
1106 205 1145 267 37

28 365 122 439 „lam
146 362 339 428 desiderium
356 377 465 426 rerum
484 360 599 425 insidet
618 351 748 436 insuper
772 352 868 415 uua·‘’

27 469 124 549 Quod
145 470 226 530 bene
245 466 273 529 si
293 463 421 529 videant
441 463 549 528 animo
574 453 729 541 dictisque
748 465 940 540 sequautur,
1085 457 1147 521 916

26 568 218 634 Dissolvant
236 565 334 629 animi
354 586 473 649 magno
496 587 529 629 sc
551 583 674 647 angore
696 571 856 646 metuque.

27 675 80 736 Tu
103 669 250 755 quidem,
273 679 308 730 ut
329 689 363 731 es
382 668 468 731 lecto
489 666 633 748 sopitus,
656 663 704 727 sic
727 660 792 725 eris
815 662 885 725 aevi

26 775 127 854 Quod
148 779 292 854 superest
315 768 438 832 cunctis
458 767 597 851 privatu'
620 764 792 831 doloribus
810 762 933 845 aegris:

25 878 73 939 At
91 895 152 939 nos
172 871 332 936 horrifico
353 870 545 933 cinefactum
566 880 598 932 te
619 889 725 950 prope
749 869 843 931 busto

25 973 259 1040 Insatiabiliter
283 972 469 1037 deflebimus
492 982 717 1056 aeternumque

24 1077 127 1142 Nulla
143 1076 210 1140 dies
231 1074 325 1139 nobis
347 1094 526 1138 maerorem
549 1094 566 1137 e
589 1083 723 1155 pectore
745 1074 861 1135 demet.

25 1180 114 1244 Illud
131 1182 171 1241 ab
189 1180 255 1246 hoc
273 1176 374 1261 igitur
392 1179 658 1262 quaerundumtt,
679 1173 758 1260 quid
779 1173 822 1236 sit
840 1172 939 1252 amari

26 1285 138 1345 Tanto
159 1301 276 1361 opere,
300 1282 340 1341 ad
362 1300 506 1343 somnum
528 1277 555 1341 si
576 1298 629 1340 res
644 1275 727 1340 redit
749 1286 844 1360 atque
859 1274 1020 1361 quietem,

27 1384 125 1464 Quur
142 1381 308 1466 quisquam
331 1390 461 1444 aeterno
483 1378 587 1462 possit
604 1381 770 1442 tabescere
791 1378 892 1441 luctu.

93 1486 172 1548 Hoc
194 1481 287 1546 etiam
305 1480 443 1558 faciunt,
465 1480 521 1544 ubi
544 1480 732 1544 discubuere
749 1490 919 1565 tenentque
1086 1479 1147 1543 925

25 1585 157 1652 Pocula
180 1605 273 1668 saepe
287 1582 436 1647 nomines
458 1594 488 1646 et
507 1582 691 1645 inumbrant
712 1602 771 1646 ora
796 1562 945 1655 coronis,

24 1692 85 1754 Ex
106 1686 213 1750 animo
232 1697 268 1748 ut
287 1684 417 1749 dicante
444 1732 459 1760 „
471 1684 589 1749 Brevis
609 1684 664 1747 hic
685 1696 733 1748 est
748 1683 873 1746 fructus
891 1681 1061 1747 homullis:

28 1791 127 1865 „lam
148 1786 263 1862 suerit3
287 1808 389 1871 neque
410 1798 485 1870 post
505 1807 644 1871 unquam
665 1806 824 1850 revocare
846 1784 1003 1847 licebit!”

27 1895 210 1976 Tamquam
228 1889 260 1952 in
283 1900 387 1952 morte
410 1888 576 1952 malicum
598 1887 712 1970 primis
733 1889 798 1950 hoc
820 1886 863 1949 sit
884 1908 1014 1962 eorum,

26 1995 131 2075 Quod
148 1989 217 2055 sitis
239 2002 353 2054 exurat
374 1990 509 2054 miseros
531 2001 625 2074 atque
648 1988 738 2052 arida
759 1998 883 2052 torreat
1089 1989 1151 2053 930

26 2099 100 2161 Aut
122 2093 202 2157 aliae
224 2092 342 2178 quoius
365 2091 556 2156 desiderium
578 2091 712 2155 insideat
733 2089 796 2155 rei.

25 2201 103 2262 Nec
125 2195 189 2260 sibi
211 2195 293 2260 enim
315 2193 482 2280 quisquam
504 2205 570 2258 tum
594 2215 627 2256 se
649 2193 811 2278 vitamque
833 2191 986 2278 requirit,

28 2302 142 2382 Quom
164 2298 287 2381 pariter
309 2319 397 2361 mens
417 2309 449 2360 et
470 2316 590 2378 corpus
613 2293 718 2377 sopita
741 2294 925 2380 quiescunt3

26 2405 117 2467 Nam
136 2400 213 2463 licet
232 2410 393 2463 aeteruum
415 2420 475 2481 per
495 2419 556 2462 uos
577 2395 624 2460 sic
645 2417 713 2459 esse
733 2401 886 2478 soporem

25 2507 103 2569 Nec
122 2501 313 2565 desiderium
334 2500 439 2565 nostri
459 2521 519 2564 nos
540 2497 646 2582 attigit
666 2499 784 2575 ullum3
940 2522 942 2526 ’
1011 2553 1013 2557 .
1090 2504 1152 2568 935

25 2608 75 2670 Et
97 2616 206 2667 tamen
227 2605 470 2689 haudquaquam
492 2612 623 2666 nostros
644 2596 720 2665 lunc
742 2601 797 2665 illa
818 2624 877 2686 per
900 2614 987 2667 artus

25 2837 121 2881 sopore
141 2828 285 2879 occupatus,
304 2823 338 2867 ita
355 2823 407 2868 sine
426 2825 475 2868 ullo
493 2835 565 2868 seusu
583 2823 719 2869 remanebis
727 2825 741 2845 ”
760 2829 805 2868 eet.
834 2823 873 2868 Pii
886 2824 1014 2869 lectionem
1031 2825 1067 2870 sic
1080 2826 1153 2871 inter·

23 2897 175 2952 pretiantur:
206 2898 252 2947 „nt
275 2893 339 2938 soles
364 2907 447 2938 carere
466 2893 531 2936 omui
550 2895 714 2953 aegritudine,
745 2894 785 2938 ubi
804 2907 902 2939 somnus
921 2899 944 2938 te
963 2895 986 2938 iu
1006 2899 1046 2939 tuo
1066 2896 1153 2941 lectulo

23 2962 182 3018 occupavit'’
199 2966 246 3006 cet.
277 2960 309 3005 Et
323 2962 383 3006 hanc
399 2963 541 3006 sententiam
556 2965 681 3021 requirunt
696 2978 724 3008 ea
742 2977 802 3020 quae
817 2968 948 3022 sequuntur
964 2978 986 3007 v.
1003 2961 1061 3010 932.
1081 2966 1153 3010 Recte

24 3035 106 3079 etiam
122 3030 246 3076 Gesner-us
260 3032 285 3074 in
301 3031 376 3075 Tbes.
390 3044 413 3074 r.
427 3031 539 3089 sopitus.
566 3032 625 3087 „Ab
645 3033 710 3077 teto:
735 3035 775 3076 sed
792 3032 867 3076 utitur
884 3032 1011 3076 Lucretius
1030 3035 1154 3078 Socratica

23 3101 256 3161 argumentatione,
276 3099 382 3144 similem
399 3101 504 3144 futuram
522 3103 682 3147 conditionem
694 3103 742 3146 rita
753 3102 891 3145 functorum
905 3102 1015 3145 somno.''
1052 3100 1110 3146 919.
1125 3101 1155 3146 de

17 3184 110 3229 prope
124 3168 201 3213 codd.
211 3166 236 3213 l.
249 3167 302 3225 (G.)
315 3169 390 3214 etalii
402 3170 450 3214 Pii.
470 3194 503 3204 -
521 3175 544 3214 te
557 3163 638 3230 prope
656 3171 760 3227 Reliqui,
774 3170 846 3214 etiam
857 3169 888 3212 E.
902 3168 963 3213 Edd.
978 3173 1035 3213 vett.
1045 3169 1113 3214 Α.Ι..
1123 3171 1153 3214 H.

22 3241 103 3286 Facit
118 3238 165 3282 huc
182 3239 275 3281 Marius
289 3239 428 3283 Victorinus
441 3252 464 3292 p.
476 3237 551 3284 1951.
564 3242 595 3284 Ρ.
615 3238 746 3284 Aduerbiis
759 3236 838 3281 adiici
846 3239 1049 3294 praepositiones
1062 3245 1157 3300 negent

21 3322 121 3356 omnes
141 3306 262 3361 technici,
293 3307 408 3366 qucrnuis
430 3308 535 3353 licenter
559 3314 653 3351 veteres
672 3308 713 3351 usi
730 3312 798 3351 sunt.
836 3305 971 3351 Terentius
990 3308 1016 3352 in
1034 3305 1154 3368 Hecyra,

22 3379 187 3436 derepente:
200 3377 241 3420 >itu
257 3380 282 3420 et
293 3376 425 3421 Lucretius
443 3374 565 3421 desubito.
585 3377 677 3422 Nonius
692 3390 715 3431 p.
728 3372 787 3422 775.
801 3375 914 3421 Gotbofr.
935 3376 1002 3421 Nunc
1013 3384 1090 3422 tamen
1102 3393 1156 3423 cuin

22 3447 111 3494 Forb.
129 3446 233 3501 praetuli
248 3451 270 3489 te
279 3477 286 3499 ,
306 3447 339 3490 ita
354 3451 431 3491 tamen
448 3449 605 3501 construens,
626 3458 698 3504 quum
706 3459 786 3503 prope
797 3448 938 3492 cumdativo
954 3448 1019 3507 iungi
1037 3453 1153 3505 nequeat:

23 3515 197 3573 „deflebimus
220 3519 244 3559 te
274 3515 416 3559 cinefactum
442 3514 487 3569 (in)
510 3514 624 3560 horrifice
653 3515 737 3569 busto,
775 3528 849 3570 prope
879 3516 993 3571 (bustum)
1026 3518 1158 3562 astantes.”

23 3583 95 3634 920.
116 3584 228 3639 „Omnes
243 3578 305 3629 Mss‘.
325 3586 354 3629 ti.
374 3599 396 3629 e.
413 3589 527 3642 quattuor
546 3591 570 3629 et
585 3585 643 3641 R),
672 3583 816 3648 deflevimus
838 3597 897 3640 quae
919 3599 976 3629 vera
998 3587 1069 3631 lectio
1095 3588 1158 3631 est.”

20 3655 115 3702 Bentl.
133 3655 171 3698 cui
187 3653 274 3697 iudicio
290 3667 333 3698 nec
349 3653 424 3699 Forb.
441 3667 516 3711 neque
537 3669 582 3713 ege
601 3658 716 3700 accedere
735 3654 864 3707 potuimus.
916 3652 974 3698 928.
993 3654 1048 3698 lem
1056 3651 1156 3713 suerit,

21 3728 113 3770 futur.
126 3728 251 3780 exactum3
270 3723 376 3779 „fuerit,
396 3723 546 3781 usqueadeo
562 3727 608 3769 erit
625 3726 643 3769 i.
659 3739 681 3768 e.
697 3723 824 3767 celerrime
841 3729 966 3767 evanescet
981 3725 1027 3769 iste
1040 3725 1159 3770 tructus.’'

23 3791 97 3842 930.
117 3791 195 3836 aride
207 3797 277 3836 terra
294 3791 365 3838 C.E.
385 3792 679 3838 etesuistd.La1nb.
708 3791 775 3835 Adeo
790 3791 920 3836 haeserunt
937 3796 1073 3849 complures
1091 3796 1115 3839 in
1134 3808 1157 3843 r.

21 3866 134 3911 torreat
163 3860 304 3915 dissyllaba.
370 3860 428 3907 931.
455 3861 517 3907 Nota
532 3867 581 3906 tuin
597 3863 664 3907 uliae
680 3875 723 3916 pro
738 3861 820 3917 elius,
841 3867 866 3905 et
883 3863 979 3906 oiniiino
998 3864 1066 3907 clius
1084 3864 1156 3923 quis,

23 3947 80 3991 pro
103 3945 152 3989 quo
167 3931 305 3988 frequenter
324 3931 403 3974 Latini
423 3932 479 3990 quis
498 3931 580 3986 olins,
611 3930 808 3988 praecedentibus
833 3931 984 3984 potissimum
1008 3937 1080 3988 partt.
1100 3938 1159 3986 cist,

9 4004 88 4048 ,siue
107 4004 156 4045 cet.
176 4013 247 4056 saepe
266 4006 407 4055 corruptum
424 4001 449 4044 in
467 3999 571 4058 aliquis.
628 3999 687 4047 932.
707 4000 815 4060 requirit
829 4000 859 4044 Α.
879 4001 909 4045 1..
926 4001 957 4046 H.
976 4001 1105 4046 Latinitate
1125 4002 1160 4045 sie

21 4070 186 4129 postulante.
218 4091 251 4102 -
278 4070 387 4129 requirit
404 4095 414 4105 -
432 4087 442 4099 ·
461 4071 602 4129 quieseunt.
633 4072 749 4115 Futurum
764 4070 889 4130 requiret,
915 4072 978 4127 quod
995 4069 1083 4113 habent
1098 4070 1159 4113 Cdd.

24 4140 122 4200 (etiam
134 4137 218 4193 ult.)
237 4140 310 4183 Wali.
327 4137 421 4195 Forb,
446 4139 476 4182 ab
495 4140 526 4184 iis
543 4139 677 4195 profectum
695 4140 803 4200 ridetur,
828 4141 868 4196 qui
886 4140 960 4194 haec,
985 4139 1009 4182 in
1028 4139 1114 4196 quibus
1133 4139 1163 4186 tle

23 4212 149 4255 virerum
168 4221 253 4253 somno
272 4214 416 4264 serment,
435 4221 562 4268 perperam
580 4210 799 4270 interpretabantur
817 4209 845 4253 de
864 4209 949 4252 uiortis
967 4221 1062 4253 somno.
