2762 4760
1094 206 1135 270 53

17 366 121 447 Quom
142 365 206 429 iarn
229 387 288 449 per
306 376 410 430 terras
430 364 584 430 frondent
604 375 697 451 atque
719 364 825 430 omnia
847 365 983 441 florent,
1072 365 1134 428 tlt

17 470 79 532 Aut
96 467 215 531 nimiis
228 479 334 532 torret
355 467 543 532 fervoribus
565 467 723 531 aetherius
744 468 795 532 sol

17 571 79 634 Aut
99 568 219 633 subitei
239 569 401 652 perimunt
417 570 538 633 imbres
561 569 747 654 gelidaeque
770 569 903 652 pruinae

17 672 197 757 Flabraque
218 683 387 736 ventorum
411 671 556 736 violento
577 671 705 735 turbine
726 683 857 737 vexant.

73 777 253 839 Praeterea
276 795 375 857 genus
397 773 595 837 horriferum
619 776 743 837 Natura
765 775 924 852 ferarum,

17 879 180 940 Humanae
201 877 289 962 genti
312 875 475 952 infestum,
498 888 648 961 terraque
671 876 814 962 marique
1070 879 1133 942 220

17 981 102 1058 Quor
125 979 184 1041 alit
206 991 302 1062 atque
324 978 443 1063 auget?
466 1000 549 1063 quur
571 979 644 1041 anni
665 989 814 1061 tempora
837 982 970 1044 morbos

17 1081 226 1164 Apportant?
249 1101 349 1165 quare
371 1082 470 1145 Mors
491 1080 659 1143 immatura
681 1080 842 1165 vagatur?

74 1187 158 1247 Tum
182 1204 287 1265 porro
310 1204 407 1264 puer,
432 1193 466 1245 nt
487 1183 589 1246 saevis
612 1183 778 1265 proiectus
801 1182 956 1247 abundis

17 1285 147 1360 Navita,
172 1288 274 1349 nudus
296 1284 384 1347 humi
405 1284 504 1360 iacet,
526 1286 646 1361 inians,
670 1284 798 1370 indigus
822 1285 909 1349 onmi

17 1387 113 1450 Vitali
135 1386 280 1462 auxilio,
304 1408 402 1472 quom
424 1386 561 1469 primurn
583 1387 615 1450 in
636 1388 763 1451 luminis
784 1409 859 1452 oras
1070 1392 1131 1454 225

17 1488 150 1553 Nixibus
174 1511 216 1551 ex
238 1490 312 1553 alvo
336 1490 444 1552 matris
467 1492 591 1555 Natura
613 1489 775 1571 profudit3

17 1591 198 1677 vagituque
221 1591 328 1655 locum
352 1591 482 1677 lugubri
505 1593 662 1673 complet,
687 1603 720 1653 ut
741 1604 922 1677 aequomst,

17 1692 97 1772 Quoi
118 1704 242 1755 tantum
264 1694 297 1756 in
318 1694 386 1757 vita
407 1706 506 1758 restet
526 1694 664 1757 transire
688 1694 856 1758 malorum.

17 1797 55 1857 At
78 1795 186 1858 variae
211 1793 360 1859 crescunt
380 1799 538 1879 pecudes,
562 1809 704 1861 armenta
725 1797 896 1881 feraeque:

17 1899 79 1960 Nec
101 1898 311 1980 crepitacillis
333 1921 415 1980 opus
437 1911 484 1962 est
506 1921 565 1963 nec
586 1898 759 1985 quoiquam
783 1897 991 1962 adhibendast
1067 1902 1128 1963 230

17 1999 121 2063 Almae
144 2000 279 2064 nutricis
301 2002 417 2064 blanda
440 2012 534 2087 atque
555 2001 694 2065 infracta
714 2001 862 2086 loquela;

17 2103 79 2163 Nec
102 2100 209 2165 varias
230 2114 388 2187 quaerunt
410 2103 526 2166 vesteis
548 2126 610 2186 pro
634 2116 780 2185 tempore
803 2102 896 2165 caeli.

17 2204 154 2289 Denique
179 2226 245 2268 non
268 2205 366 2268 armis
388 2228 471 2288 opus
493 2216 556 2281 est,
580 2227 644 2269 non
668 2204 834 2270 moenibus
857 2205 948 2281 altis,

17 2305 73 2385 Qui
96 2329 152 2368 sua
175 2318 335 2383 tutentur,
359 2311 487 2393 quando
512 2307 660 2371 omnibns
684 2307 790 2371 omnia
811 2308 903 2392 large

18 2408 118 2471 l'ellus
139 2409 212 2492 ipsa
233 2409 320 2491 parit
341 2412 527 2495 Naturaque
550 2410 680 2473 daedala
701 2432 822 2474 rerum.
1067 2414 1127 2476 235

346 2597 425 2660 Lus.
442 2597 490 2660 V.
516 2619 550 2660 v.
575 2596 790 2662 tto—1457.

69 2719 170 2799 Quod
192 2728 354 2801 superest,
377 2716 546 2803 quoniam,
569 2716 679 2802 magni
699 2739 759 2800 per
781 2717 908 2780 caerula
931 2717 1038 2781 mundi
1077 2744 1081 2753 Δ

19 2819 79 2901 Qua
100 2819 176 2884 fieri
199 2819 356 2906 quidquid
376 2832 487 2903 posset
508 2818 652 2895 ratione,
674 2818 817 2883 resolvit

19 2922 91 2987 iolis
113 2922 163 2987 uti
186 2922 296 2988 varios
319 2945 430 2987 cursus
451 2922 607 3008 lunaeque
631 2933 768 2999 meatus,

20 3026 152 3089 ‚loscere
175 3046 359 3109 possemus,
382 3046 464 3112 quae
487 3024 536 3088 vis
558 3036 590 3087 et
611 3046 722 3088 caussa
744 3023 864 3088 cieret:

20 3125 120 3205 luove
143 3131 246 3194 modo
269 3127 392 3193 soleant
413 3129 535 3193 offecto
557 3125 674 3190 lumine
697 3124 789 3191 obire

20 3229 48 3290 it
67 3250 127 3293 nec
151 3229 333 3313 opinanteis
354 3229 496 3294 tenebris
518 3232 681 3295 obducere
702 3240 823 3304 terras,
1066 3230 1126 3293 775

21 3330 109 3410 loom
134 3333 229 3419 quasi
252 3331 426 3397 connivent
447 3345 478 3397 et
500 3343 614 3416 aperto
636 3328 753 3395 lumine
775 3353 901 3396 rursum

22 3522 49 3571 tr.
67 3523 133 3569 Ptin.
156 3525 222 3569 Hist.
240 3530 290 3568 nat.
310 3522 334 3569 7.
355 3538 464 3580 prooem.
484 3523 616 3570 Hominem
633 3529 729 3569 tantum
747 3529 841 3569 natura
858 3523 952 3569 nudum
970 3530 994 3569 et
1012 3524 1040 3569 in
1057 3524 1127 3570 nuda

23 3606 75 3637 umo
92 3595 179 3638 natali
195 3593 236 3638 dia
253 3594 345 3637 obierit
362 3592 396 3638 ad
412 3599 524 3655 rugatum
543 3595 629 3639 atatim
647 3601 671 3638 et
685 3595 829 3653 ploratum,
858 3595 1001 3652 nullumque
1018 3599 1054 3638 tot
1071 3596 1128 3638 uni-

22 3662 105 3708 mlv'um
130 3662 207 3708 uliud
229 3662 264 3708 ad
284 3663 422 3719 lacrimae,
451 3669 475 3708 at
497 3662 545 3709 lara
559 3664 679 3721 protinus
698 3664 761 3708 vitae
778 3662 916 3720 principio.
952 3661 985 3707 Ar
1010 3660 1128 3709 herculea

22 3731 86 3787 iana,
112 3746 235 3790 praecox
252 3733 296 3777 illa
314 3738 338 3777 ei
355 3733 521 3788 celerrimus,
550 3740 608 3777 onte
631 3731 856 3792 quadragesimum
874 3731 940 3777 diem
958 3733 1023 3777 nulli
1040 3732 1126 3778 datur.

23 3797 62 3846 29.
81 3802 184 3846 validus
202 3803 282 3848 Bentt.
321 3799 380 3848 230.
400 3804 437 3846 lta
448 3803 488 3847 Pii
502 3803 578 3847 codd.
593 3803 656 3847 Tres
669 3815 709 3856 ap.
723 3803 765 3845 W.
781 3802 874 3845 Iuntina
886 3800 1020 3860 atquedld.
1039 3803 1127 3847 Rario-

23 3884 52 3914 am
66 3871 126 3916 banc
138 3873 245 3915 formam
254 3872 367 3917 servabat
379 3873 451 3916 etiam
461 3873 625 3917 'Tertullianus
635 3873 689 3916 adv.
701 3871 753 3915 lud.
764 3868 788 3916 9.
799 3903 804 3926 ,
819 3877 946 3930 antequam
956 3874 1126 3932 castigaretur.

25 3939 54 3983 ir.
64 3941 149 3986 Heius.
159 3943 188 3985 ad
199 3942 324 3987 claudian.
336 3943 361 3986 in
371 3943 474 3997 Eutrop.
485 3941 508 3996 1,
524 3939 584 3985 262.
598 3962 627 3972 -
645 3954 691 3985 nec
700 3941 856 3999 crepitacula
868 3942 906 3986 aia
915 3955 978 4000 opus
990 3948 1029 3987 eat
1039 3943 1084 3989 Av.
1094 3943 1124 3986 Ρ.

23 4008 61 4056 lav.
80 4032 111 4042 -
131 4012 189 4068 opu'
207 4017 267 4055 aunt
283 4012 310 4056 L.
329 4011 379 4056 Gif.
408 4012 503 4056 Festive
521 4011 595 4054 italus
614 4012 638 4054 in
656 4024 733 4070 marg.
747 4011 785 4055 E..
804 4010 875 4067 „Nec
887 4012 986 4068 crepitu
997 4010 1127 4055 ancillid'

24 4073 62 4126 tt.
82 4081 205 4138 quueAv.
227 4103 256 4113 -
283 4081 353 4139 quoia
370 4081 399 4126 C.
413 4082 444 4125 A.
458 4082 487 4125 L.
502 4081 532 4124 ll.
558 4081 605 4125 Se'd
623 4086 716 4126 rectum
734 4086 772 4125 est
789 4083 846 4140 qui,
866 4086 892 4124 ut
909 4079 1073 4137 ambiguitatis
1092 4080 1127 4123 vi-

24 4149 86 4193 mdoe
105 4164 178 4193 causa
196 4151 284 4205 scripsi
303 4165 364 4196 nune
383 4164 438 4194 eum
456 4150 500 4194 Cd.
514 4150 544 4194 E.
561 4163 606 4205 pro
624 4153 682 4210 quai
699 4151 773 4195 Wak.

392 4221 447 4263 Lm.
461 4222 492 4264 V.
523 4217 737 4265 etto-1457.

56 4283 114 4333 775.
135 4302 213 4348 neque
232 4288 376 4346 opinantem
394 4289 423 4334 G.
438 4289 469 4337 E.
486 4290 557 4334 Walt.
579 4289 689 4334 Attamen
703 4289 727 4333 iu
745 4285 992 4343 hismaelitarum,
1013 4298 1058 4330 ner
1072 4296 1128 4328 mua
