2750 4744
211 176 271 238 206

208 326 284 389 Huc
306 322 437 406 aliquis!
461 357 502 367 -
524 341 638 384 nemon
653 318 696 384 1”
721 320 959 403 -—.Turgeseit
982 319 1083 384 vitrea
1109 319 1201 394 bilis3

208 425 375 489 Finditur:
400 424 559 488 Arcadiae
581 421 730 504 pecuaria
753 424 867 484 rudere
891 422 990 485 dicas.

209 531 277 592 Iam
300 527 384 589 liber
407 538 438 588 et
461 526 588 588 bicolor
611 522 725 607 positis
747 527 927 587 membrana
951 525 1072 606 capillis

207 633 311 714 Inque
334 651 444 691 manus
467 630 595 689 chartae
618 624 805 710 nodosaque
828 628 918 690 venit
940 631 1078 691 arundo.

132 730 135 733 ’
210 734 303 794 Tune
325 730 489 813 queritur,
514 750 640 791 crassus
664 728 785 793 calamo
810 733 897 812 quod
921 732 1058 810 pendeat
1080 732 1216 804 humor;

208 833 313 916 Nigra
335 833 422 915 quod
443 831 547 894 inlusa
571 842 720 892 vanescat
742 831 830 911 sepia
853 831 1001 912 lympha:
1059 914 1062 919 Ι

208 936 334 999 Dilutas
358 933 504 1019 queritur
528 933 664 1016 geminet
687 936 777 1015 quod
799 933 903 995 fistula
927 945 1046 1016 guttas.
1071 970 1113 980 -

209 1039 240 1101 Ο
264 1037 376 1101 miser!
398 1037 495 1119 inque
519 1035 585 1096 dies
608 1036 690 1096 ultra
714 1035 830 1097 miser!
855 1035 967 1097 hucine
990 1057 1096 1097 rerum
1281 1039 1309 1099 lt

208 1136 392 1219 Venimus?
414 1150 445 1200 at
467 1158 524 1199 cur
548 1157 612 1199 non
633 1135 764 1216 potius,
791 1148 969 1220 teneroque
991 1137 1145 1219 palumbo

133 1226 135 1230 ⁸
208 1243 254 1304 Et
276 1239 386 1303 similis
409 1261 521 1323 regum
543 1237 675 1318 pueris,
700 1259 842 1318 pappare
865 1239 1019 1300 minutum

207 1342 322 1408 Poscis
346 1353 377 1405 et
398 1341 498 1403 iratus
521 1361 671 1402 mammae
693 1338 802 1401 lallare
824 1342 978 1402 recusas?

208 1445 284 1518 „An
307 1443 363 1506 tali
384 1445 526 1504 studeam
551 1440 727 1505 calam0?''
751 1477 792 1487 —-
816 1441 878 1506 Cui
902 1443 1026 1505 verba?
1049 1447 1126 1526 quid
1148 1444 1222 1508 istas

208 1545 351 1607 succinis
374 1543 548 1626 ambages?
570 1543 628 1605 tibi
649 1542 788 1605 luditur:
814 1543 915 1606 effluis
940 1566 1058 1609 amens.
1279 1548 1308 1609 20

208 1647 447 1711 Contemnere:
472 1657 565 1708 sonat
588 1642 697 1728 vitium
721 1665 892 1726 percussa,
917 1646 1053 1730 maligne

207 1751 396 1831 Respondet
421 1747 513 1810 viridi
535 1767 597 1809 non
621 1758 715 1810 cocta
735 1746 842 1809 fidelia
864 1747 955 1811 limo.

208 1853 312 1915 Udum
335 1862 367 1914 et
389 1850 485 1913 molle
507 1850 606 1912 lutum
630 1871 680 1925 es,
705 1872 807 1927 nnnc,
832 1871 916 1913 nrrno
937 1852 1160 1934 properandus
1184 1865 1214 1917 et
1234 1854 1289 1916 arri

207 1952 393 2036 Fingendus
417 1953 484 2015 sine
506 1953 568 2015 fine
591 1963 678 2016 rota.
701 1989 738 1999 -
766 1955 828 2016 Sed
851 1975 927 2015 rure
948 1966 1084 2035 paterno

207 2057 268 2118 Est
290 2054 348 2117 tibi
368 2056 419 2117 far
443 2055 622 2129 modicum,
647 2076 762 2137 purum
786 2067 817 2117 et
839 2055 905 2118 sine
928 2058 1000 2120 labe
1023 2057 1178 2135 salinum,
1278 2060 1307 2120 26

206 2156 306 2234 (Quid
328 2156 485 2236 ructuas?)
508 2156 688 2239 cultrixque
710 2155 779 2218 soci
801 2162 912 2219 secura
935 2160 1064 2239 patella.

205 2258 282 2320 Hoc
304 2256 404 2320 satis?
427 2280 465 2319 an
489 2261 598 2320 deceat
620 2259 800 2338 pulmonem
824 2280 973 2340 rumpere
998 2263 1116 2337 ventis,

207 2359 376 2421 Stemmate
400 2362 487 2445 quod
510 2362 620 2423 'l'nsco
643 2381 763 2421 ramum
786 2360 948 2423 millesime
972 2362 1080 2439 ducis,

279 2519 304 2565 8.
325 2541 354 2556 -
366 2519 415 2565 Hic
434 2522 469 2566 ol.
489 2523 545 2566 PM.
566 2523 649 2568 11).-α
663 2537 734 2567 nemo
746 2523 776 2568 R.
799 2521 822 2568 9.
837 2521 974 2571 Finditur:
994 2525 1066 2586 Are]
1078 2530 1131 2574 uv.
1143 2530 1310 2576 -Fananun

205 2589 267 2635 Arc.
287 2591 313 2634 S.
335 2612 364 2621 -
383 2588 478 2635 Findor
498 2591 595 2635 ntAre.
615 2592 694 2636 EAM.
717 2614 746 2624 —
765 2591 860 2655 Findor
879 2597 903 2638 et
919 2593 980 2642 Arc.
1000 2597 1031 2641 Τ.
1076 2599 1112 2643 11).
1133 2599 1217 2659 dicos]
1233 2602 1310 2647 tutus,

207 2683 240 2693 -
258 2657 349 2702 credas
366 2659 418 2706 ΒΑ.
459 2657 499 2704 10.
521 2660 616 2705 bicolor
632 2659 735 2718 positis]
754 2661 827 2704 ΒΕΑ.
849 2686 882 2696 -
899 2665 992 2719 positis
1010 2665 1104 2715 bicolor
1123 2670 1221 2713 Tvstu.
1240 2692 1270 2706 -
1287 2672 1311 2713 11-

206 2726 249 2771 ber
268 2729 394 2786 expositis
413 2728 508 2772 bicolor
525 2730 555 2773 F.
578 2726 619 2773 11.
639 2750 671 2762 -
690 2728 806 2774 harundo
822 2731 899 2776 RSM.
921 2731 962 2780 12.
976 2758 1008 2766 —
1023 2735 1087 2780 Tum
1101 2737 1132 2781 Τ.
1154 2739 1189 2783 11).
1205 2736 1311 2798 queritur]

206 2796 296 2841 Omnes
321 2798 377 2842 inei.
401 2819 429 2829 -
450 2799 578 2856 querimur
597 2799 673 2842 Codd.
693 2800 750 2856 aliq.
801 2800 837 2842 lb.
858 2824 891 2834 —-
910 2803 1009 2846 culumo
1027 2819 1133 2850 crosent
1152 2809 1183 2852 Τ.
1233 2806 1271 2850 13.
1287 2826 1312 2840 -·

205 2867 314 2910 virescat
331 2867 361 2909 R.
382 2880 503 2923 superscr.
521 2880 591 2910 nune.
631 2865 672 2912 lt.
693 2892 726 2902 -
744 2869 856 2926 geminet
867 2867 928 2928 ets.
949 2872 979 2915 Τ.
1019 2870 1060 2918 16.
1078 2874 1207 2934 palumbo]
1227 2877 1310 2921 Tsnu.

205 2959 238 2969 —
254 2934 385 2993 pulurnbee
406 2937 437 2979 V.
458 2960 491 2968 -
509 2936 621 2980 columbo
639 2937 691 2980 RE.
732 2935 773 2981 17.
793 2958 822 2972 -
838 2952 936 2994 prepare
955 2941 1093 2988 'l'RESAM.
1134 2943 1175 2989 18.
1198 2934 1226 2977 ’-
1245 2946 1312 2988 lulore

204 3005 234 3049 R.
275 3002 315 3049 lt.
338 3024 367 3035 ·-
387 3004 490 3048 illueV.
529 3003 571 3048 23.
591 3024 625 3039 -
643 3006 722 3050 Iulum
735 3012 774 3049 eet
786 3007 811 3051 S.
844 3007 992 3053 11).-1111))
1010 3025 1076 3056 nnnc
1094 3015 1123 3057 F.
1163 3012 1206 3058 26.
1228 3036 1255 3046 -
1273 3027 1312 3057 rne-

204 3079 259 3117 tuee
277 3075 308 3117 V.
330 3073 366 3116 lb.
384 3071 491 3132 patella]
510 3074 653 3118 Tuvsnut.
673 3095 707 3105 -
723 3076 820 3131 petella
839 3083 877 3121 est
893 3077 922 3122 li.
938 3076 979 3124 ⁴28.
1001 3103 1028 3116 ι-
1042 3088 1150 3126 scemate
1164 3085 1221 3127 TM.
1242 3084 1311 3128 lb.-

204 3143 247 3200 qni
264 3149 334 3186 tusco
352 3142 383 3189 A.
405 3148 429 3186 et
449 3143 478 3186 11.
499 3158 512 3186 a
531 3157 579 3188 ser.
605 3157 686 3187 mauu.

276 3311 392 3356 sortus
411 3312 455 3361 111.
495 3312 518 3358 0.
539 3311 679 3368 ‚,Findor.''
697 3339 729 3349 -
750 3322 776 3360 ut
793 3315 853 3362 Arc.
874 3318 903 3366 P.
943 3320 979 3364 11).
1000 3319 1090 3366 credor
1109 3323 1152 3366 rP.
1196 3320 1235 3367 10.
1250 3323 1312 3381 pori-

205 3383 237 3425 111
256 3379 350 3424 bicolor
368 3382 433 3425 wW.
487 3379 527 3426 16.
548 3383 660 3428 columbo
677 3385 706 3428 P.
745 3383 787 3430 26.
804 3388 901 3443 patella
920 3395 958 3432 eet
974 3404 1006 3434 w.

276 3540 316 3587 10.
334 3539 438 3586 Bicolor
449 3542 606 3603 membrano]
625 3547 737 3601 Bicolor,
753 3550 815 3606 quod
828 3560 883 3604 pars
894 3563 989 3604 crocea,
1003 3564 1058 3604 pars
1071 3552 1253 3609 glutiualaapnd
1263 3552 1310 3594 aotl-

203 3625 263 3668 quos
277 3616 337 3656 erat.
377 3609 418 3656 13.
438 3611 540 3670 Sepium
552 3627 596 3669 pro
609 3620 760 3672 atramento,
781 3620 904 3671 acolore,
925 3620 1022 3674 posuit:
1044 3622 1151 3677 quamvis
1165 3623 1311 3666 noocxeaul

202 3680 273 3734 Afri,
296 3682 337 3724 secl
360 3692 389 3723 ex
410 3680 508 3738 fuligine
531 3685 604 3727 ceteri
624 3683 750 3728 conficiant
771 3692 938 3731 atramentum.
986 3687 1027 3734 18.
1047 3689 1160 3734 Nutrices
1179 3690 1309 3740 infantibus,

204 3754 229 3792 ut
247 3749 380 3801 dormiant,
401 3751 573 3796 solentdieere
596 3766 676 3808 saepe,
696 3753 785 3806 Lullc,
804 3757 878 3801 lullo.
897 3757 969 3800 lulla.
1006 3758 1055 3801 Aut
1072 3758 1174 3813 dormi,
1195 3761 1309 3803 ontluete.

206 3816 247 3862 12.
268 3813 438 3874 Contemnere]
458 3818 521 3862 llaec
545 3821 575 3862 ab
591 3821 691 3866 Horatio
709 3824 746 3878 (S.
771 3822 795 3878 2,
817 3823 841 3868 3.
865 3822 918 3880 13.)
941 3827 1003 3869 male
1025 3829 1141 3870 translata
1161 3828 1311 3883 intempestiue

198 3891 271 3949 *snitu
315 3885 381 3946 Quin
401 3890 428 3927 tu
454 3885 577 3932 Invidiam
591 3890 696 3945 placore
710 3906 793 3950 porra
811 3894 903 3938 virtute
920 3895 1028 3939 relicte?
1055 3893 1217 3940 Contemnere
1236 3897 1311 3940 miser.

203 3956 239 3999 lb.
260 3954 338 3998 Senot
358 3952 454 4011 citium]
484 3956 516 3999 Ut
539 3958 674 4015 Virgilius,
705 3962 777 4017 (Aen.
806 3960 829 4006 1.
857 3960 928 4015 328.)
953 3977 998 4008 nec
1016 3978 1065 4009 nox
1090 3963 1216 4011 bominem
1241 3968 1309 4009 annot·

203 4023 245 4067 26.
266 4018 412 4080 Cultrixque
424 4019 493 4081 soci]
513 4024 709 4080 Quia'dellbatue
728 4031 772 4084 (sic
795 4033 852 4076 Cas.
870 4032 938 4075 Reiz.
959 4058 992 4066 -
1011 4032 1165 4078 delibantiue
1181 4034 1255 4088 Pru.)
1279 4034 1311 4075 dt·

204 4105 244 4145 pes
263 4092 287 4133 in
306 4091 441 4144 copiositas
469 4094 498 4135 ad
526 4093 607 4136 forum
624 4093 742 4140 feruntur.
786 4098 827 4143 28.
849 4100 983 4146 Stemmate
998 4102 1063 4161 quod
1085 4102 1181 4162 Tusco]
1199 4109 1233 4149 Au
1253 4115 1311 4158 opot-

204 4163 237 4201 tct
260 4163 283 4204 te
307 4160 446 4216 arrogantia
467 4159 574 4213 inllntum
602 4162 723 4218 dissilire,
755 4171 817 4224 quod
844 4171 868 4212 in
896 4171 977 4228 aliquo
1003 4172 1077 4218 nobili
1096 4174 1178 4218 'l'usco
1203 4175 1310 4218 stemmate

203 4227 344 4273 millesimus
366 4240 379 4268 a
403 4240 490 4284 magno
501 4232 605 4270 auctore
629 4235 761 4277 numereris
786 4243 810 4281 et
834 4252 927 4282 ramum
946 4242 1049 4298 aliquem
1073 4257 1100 4287 ae
1121 4244 1210 4288 lineam
1230 4252 1313 4287 sortes·
