<?xml version="1.0" encoding="UTF-8"?>
<!DOCTYPE html PUBLIC "-//W3C//DTD XHTML 1.0 Transitional//EN"
    "http://www.w3.org/TR/xhtml1/DTD/xhtml1-transitional.dtd">
<html xmlns="http://www.w3.org/1999/xhtml" xml:lang="en" lang="en">
 <head>
  <title>
</title>
<meta http-equiv="Content-Type" content="text/html;charset=utf-8" />
  <meta name='ocr-system' content='tesseract 3.04.00' />
  <meta name='ocr-capabilities' content='ocr_page ocr_carea ocr_par ocr_line ocrx_word'/>
</head>
<body>
  <div class='ocr_page' id='page_1' title='image "./eclogaepoetarum02orelgoog_0245.png"; bbox 0 0 2750 4744; ppageno 0'>
   <div class='ocr_carea' id='block_1_1' title="bbox 188 179 251 243">
    <p class='ocr_par' dir='ltr' id='par_1_1' title="bbox 188 179 251 243">
     <span class='ocr_line' id='line_1_1' title="bbox 188 179 251 243; baseline 0.016 -1"><span class='ocrx_word' id='word_1_1' title='bbox 188 179 251 243; x_wconf 77' lang='lat'>208</span> 
     </span>
    </p>
   </div>
   <div class='ocr_carea' id='block_1_2' title="bbox 184 329 1359 3547">
    <p class='ocr_par' dir='ltr' id='par_1_2' title="bbox 188 329 1068 414">
     <span class='ocr_line' id='line_1_2' title="bbox 188 329 1068 414; baseline -0.01 -14"><span class='ocrx_word' id='word_1_2' title='bbox 188 336 280 400; x_wconf 86' lang='lat' dir='ltr'>Scire</span> <span class='ocrx_word' id='word_1_3' title='bbox 301 347 370 399; x_wconf 82' lang='lat' dir='ltr'>erat</span> <span class='ocrx_word' id='word_1_4' title='bbox 392 333 424 396; x_wconf 95' lang='lat' dir='ltr'>in</span> <span class='ocrx_word' id='word_1_5' title='bbox 448 342 545 405; x_wconf 81' lang='lat' dir='ltr'>vot03</span> <span class='ocrx_word' id='word_1_6' title='bbox 570 334 720 394; x_wconf 86' lang='lat' dir='ltr'>damnosa</span> <span class='ocrx_word' id='word_1_7' title='bbox 745 329 887 393; x_wconf 80' lang='lat' dir='ltr'><strong>canicula</strong></span> <span class='ocrx_word' id='word_1_8' title='bbox 915 341 1068 414; x_wconf 86' lang='lat' dir='ltr'>quantum</span> 
     </span>
    </p>

    <p class='ocr_par' dir='ltr' id='par_1_3' title="bbox 187 432 1001 518">
     <span class='ocr_line' id='line_1_3' title="bbox 187 432 1001 518; baseline -0.01 -16"><span class='ocrx_word' id='word_1_9' title='bbox 187 440 348 511; x_wconf 87' lang='lat' dir='ltr'>Raderet;</span> <span class='ocrx_word' id='word_1_10' title='bbox 375 445 526 518; x_wconf 81' lang='lat' dir='ltr'>angustae</span> <span class='ocrx_word' id='word_1_11' title='bbox 548 433 633 497; x_wconf 83' lang='lat' dir='ltr'>eollo</span> <span class='ocrx_word' id='word_1_12' title='bbox 660 453 726 496; x_wconf 88' lang='lat' dir='ltr'>non</span> <span class='ocrx_word' id='word_1_13' title='bbox 751 432 858 495; x_wconf 85' lang='lat' dir='ltr'>fallier</span> <span class='ocrx_word' id='word_1_14' title='bbox 885 452 1001 505; x_wconf 88' lang='lat' dir='ltr'>orcae;</span> 
     </span>
    </p>

    <p class='ocr_par' dir='ltr' id='par_1_4' title="bbox 187 534 1081 622">
     <span class='ocr_line' id='line_1_4' title="bbox 187 534 1081 622; baseline -0.001 -21"><span class='ocrx_word' id='word_1_15' title='bbox 187 541 260 602; x_wconf 89' lang='lat' dir='ltr'>Neu</span> <span class='ocrx_word' id='word_1_16' title='bbox 284 537 354 622; x_wconf 90' lang='lat' dir='ltr'>quis</span> <span class='ocrx_word' id='word_1_17' title='bbox 377 535 521 599; x_wconf 80' lang='lat' dir='ltr'>callidior</span> <span class='ocrx_word' id='word_1_18' title='bbox 545 537 667 598; x_wconf 87' lang='lat' dir='ltr'>buxum</span> <span class='ocrx_word' id='word_1_19' title='bbox 688 546 844 618; x_wconf 87' lang='lat' dir='ltr'>torquere</span> <span class='ocrx_word' id='word_1_20' title='bbox 864 534 1014 619; x_wconf 83' lang='lat' dir='ltr'>flagello.</span> <span class='ocrx_word' id='word_1_21' title='bbox 1039 570 1081 580; x_wconf 93' lang='lat'>-</span> 
     </span>
    </p>

    <p class='ocr_par' dir='ltr' id='par_1_5' title="bbox 187 637 1102 719">
     <span class='ocr_line' id='line_1_5' title="bbox 187 637 1102 719; baseline -0.004 -15"><span class='ocrx_word' id='word_1_22' title='bbox 187 642 284 705; x_wconf 87' lang='lat' dir='ltr'>Haud</span> <span class='ocrx_word' id='word_1_23' title='bbox 303 637 360 702; x_wconf 87' lang='lat' dir='ltr'>tibi</span> <span class='ocrx_word' id='word_1_24' title='bbox 382 638 584 719; x_wconf 86' lang='lat' dir='ltr'>inexpertum</span> <span class='ocrx_word' id='word_1_25' title='bbox 606 657 727 700; x_wconf 85' lang='lat' dir='ltr'>curvos</span> <span class='ocrx_word' id='word_1_26' title='bbox 749 639 948 718; x_wconf 81' lang='lat' dir='ltr'><strong>deprendere</strong></span> <span class='ocrx_word' id='word_1_27' title='bbox 973 657 1102 714; x_wconf 90' lang='lat' dir='ltr'>mores,</span> 
     </span>
    </p>

    <p class='ocr_par' dir='ltr' id='par_1_6' title="bbox 188 738 1017 825">
     <span class='ocr_line' id='line_1_6' title="bbox 188 738 1017 825; baseline -0.004 -20"><span class='ocrx_word' id='word_1_28' title='bbox 188 743 342 825; x_wconf 86' lang='lat' dir='ltr'><strong>Quaeque</strong></span> <span class='ocrx_word' id='word_1_29' title='bbox 361 743 457 804; x_wconf 87' lang='lat' dir='ltr'>docet</span> <span class='ocrx_word' id='word_1_30' title='bbox 478 739 603 821; x_wconf 87' lang='lat' dir='ltr'>sapiens</span> <span class='ocrx_word' id='word_1_31' title='bbox 626 738 785 801; x_wconf 84' lang='lat' dir='ltr'>braccatis</span> <span class='ocrx_word' id='word_1_32' title='bbox 806 738 885 801; x_wconf 88' lang='lat' dir='ltr'>illita</span> <span class='ocrx_word' id='word_1_33' title='bbox 908 740 1017 802; x_wconf 90' lang='lat' dir='ltr'>Medis</span> 
     </span>
    </p>

    <p class='ocr_par' dir='ltr' id='par_1_7' title="bbox 186 840 1051 925">
     <span class='ocr_line' id='line_1_7' title="bbox 186 840 1051 925; baseline -0.006 -16"><span class='ocrx_word' id='word_1_34' title='bbox 186 843 357 917; x_wconf 80' lang='lat' dir='ltr'>Porticus3</span> <span class='ocrx_word' id='word_1_35' title='bbox 380 840 532 905; x_wconf 89' lang='lat' dir='ltr'>insomnis</span> <span class='ocrx_word' id='word_1_36' title='bbox 553 840 668 925; x_wconf 92' lang='lat' dir='ltr'>quibus</span> <span class='ocrx_word' id='word_1_37' title='bbox 691 852 722 903; x_wconf 91' lang='lat' dir='ltr'>et</span> <span class='ocrx_word' id='word_1_38' title='bbox 745 842 877 904; x_wconf 88' lang='lat' dir='ltr'>detonsa</span> <span class='ocrx_word' id='word_1_39' title='bbox 899 840 1051 905; x_wconf 88' lang='lat' dir='ltr'>iuventus</span> 
     </span>
    </p>

    <p class='ocr_par' dir='ltr' id='par_1_8' title="bbox 187 943 973 1030">
     <span class='ocr_line' id='line_1_8' title="bbox 187 943 973 1030; baseline -0.004 -21"><span class='ocrx_word' id='word_1_40' title='bbox 187 946 357 1030; x_wconf 77' lang='lat' dir='ltr'>Invigilat,</span> <span class='ocrx_word' id='word_1_41' title='bbox 381 943 503 1026; x_wconf 73' lang='lat' dir='ltr'>siliquis</span> <span class='ocrx_word' id='word_1_42' title='bbox 527 955 559 1005; x_wconf 94' lang='lat' dir='ltr'>et</span> <span class='ocrx_word' id='word_1_43' title='bbox 580 945 694 1027; x_wconf 88' lang='lat' dir='ltr'>grandi</span> <span class='ocrx_word' id='word_1_44' title='bbox 715 954 806 1025; x_wconf 85' lang='lat' dir='ltr'>pasta</span> <span class='ocrx_word' id='word_1_45' title='bbox 829 943 973 1024; x_wconf 80' lang='lat' dir='ltr'>polenta.</span> 
     </span>
    </p>

    <p class='ocr_par' dir='ltr' id='par_1_9' title="bbox 187 1043 993 1131">
     <span class='ocr_line' id='line_1_9' title="bbox 187 1043 993 1131; baseline -0.004 -19"><span class='ocrx_word' id='word_1_46' title='bbox 187 1049 232 1112; x_wconf 89' lang='lat' dir='ltr'>Et</span> <span class='ocrx_word' id='word_1_47' title='bbox 253 1047 328 1121; x_wconf 91' lang='lat' dir='ltr'>tibi,</span> <span class='ocrx_word' id='word_1_48' title='bbox 354 1066 435 1131; x_wconf 89' lang='lat' dir='ltr'>quae</span> <span class='ocrx_word' id='word_1_49' title='bbox 457 1045 583 1109; x_wconf 88' lang='lat' dir='ltr'>Samios</span> <span class='ocrx_word' id='word_1_50' title='bbox 606 1043 729 1107; x_wconf 86' lang='lat' dir='ltr'>diduxit</span> <span class='ocrx_word' id='word_1_51' title='bbox 752 1044 843 1107; x_wconf 86' lang='lat' dir='ltr'>litera</span> <span class='ocrx_word' id='word_1_52' title='bbox 866 1066 993 1122; x_wconf 87' lang='lat' dir='ltr'>ramos,</span> 
     </span>
    </p>

    <p class='ocr_par' dir='ltr' id='par_1_10' title="bbox 188 1145 998 1233">
     <span class='ocr_line' id='line_1_10' title="bbox 188 1145 998 1233; baseline -0.001 -22"><span class='ocrx_word' id='word_1_53' title='bbox 188 1151 378 1233; x_wconf 73' lang='lat' dir='ltr'>Surgentem</span> <span class='ocrx_word' id='word_1_54' title='bbox 401 1150 517 1210; x_wconf 85' lang='lat' dir='ltr'>dextro</span> <span class='ocrx_word' id='word_1_55' title='bbox 541 1145 729 1210; x_wconf 87' lang='lat' dir='ltr'>monstravit</span> <span class='ocrx_word' id='word_1_56' title='bbox 749 1145 848 1208; x_wconf 88' lang='lat' dir='ltr'>limite</span> <span class='ocrx_word' id='word_1_57' title='bbox 871 1146 998 1210; x_wconf 89' lang='lat' dir='ltr'>callem.</span> 
     </span>
    </p>

    <p class='ocr_par' dir='ltr' id='par_1_11' title="bbox 188 1248 1078 1332">
     <span class='ocr_line' id='line_1_11' title="bbox 188 1248 1078 1332; baseline -0.001 -19"><span class='ocrx_word' id='word_1_58' title='bbox 188 1251 303 1313; x_wconf 88' lang='lat' dir='ltr'>Stertis</span> <span class='ocrx_word' id='word_1_59' title='bbox 327 1248 453 1312; x_wconf 84' lang='lat' dir='ltr'>adhuc?</span> <span class='ocrx_word' id='word_1_60' title='bbox 475 1250 647 1330; x_wconf 86' lang='lat' dir='ltr'>laxumque</span> <span class='ocrx_word' id='word_1_61' title='bbox 670 1259 766 1329; x_wconf 94' lang='lat' dir='ltr'>caput</span> <span class='ocrx_word' id='word_1_62' title='bbox 789 1268 947 1332; x_wconf 84' lang='lat' dir='ltr'>compage</span> <span class='ocrx_word' id='word_1_63' title='bbox 970 1250 1078 1312; x_wconf 89' lang='lat' dir='ltr'>soluta</span> 
     </span>
    </p>

    <p class='ocr_par' dir='ltr' id='par_1_12' title="bbox 191 1349 988 1433">
     <span class='ocr_line' id='line_1_12' title="bbox 191 1349 988 1433; baseline -0.005 -17"><span class='ocrx_word' id='word_1_64' title='bbox 191 1352 315 1416; x_wconf 87' lang='lat' dir='ltr'>Oscitat</span> <span class='ocrx_word' id='word_1_65' title='bbox 336 1353 539 1424; x_wconf 86' lang='lat' dir='ltr'>hesternum,</span> <span class='ocrx_word' id='word_1_66' title='bbox 564 1350 691 1412; x_wconf 84' lang='lat' dir='ltr'>dissutis</span> <span class='ocrx_word' id='word_1_67' title='bbox 713 1349 852 1433; x_wconf 91' lang='lat' dir='ltr'>nudique</span> <span class='ocrx_word' id='word_1_68' title='bbox 874 1350 988 1413; x_wconf 85' lang='lat' dir='ltr'>malis?</span> 
     </span>
    </p>

    <p class='ocr_par' dir='ltr' id='par_1_13' title="bbox 187 1445 1334 1536">
     <span class='ocr_line' id='line_1_13' title="bbox 187 1445 1334 1536; baseline -0.001 -19"><span class='ocrx_word' id='word_1_69' title='bbox 187 1455 248 1517; x_wconf 86' lang='lat' dir='ltr'>Eat</span> <span class='ocrx_word' id='word_1_70' title='bbox 269 1452 386 1535; x_wconf 87' lang='lat' dir='ltr'>aliquid</span> <span class='ocrx_word' id='word_1_71' title='bbox 408 1472 473 1535; x_wconf 92' lang='lat' dir='ltr'>quo</span> <span class='ocrx_word' id='word_1_72' title='bbox 495 1450 600 1514; x_wconf 89' lang='lat' dir='ltr'>tendis</span> <span class='ocrx_word' id='word_1_73' title='bbox 622 1450 705 1514; x_wconf 90' lang='lat' dir='ltr'>etin</span> <span class='ocrx_word' id='word_1_74' title='bbox 729 1454 817 1535; x_wconf 88' lang='lat' dir='ltr'>quod</span> <span class='ocrx_word' id='word_1_75' title='bbox 839 1445 952 1536; x_wconf 87' lang='lat' dir='ltr'>dirigis</span> <span class='ocrx_word' id='word_1_76' title='bbox 975 1453 1118 1517; x_wconf 84' lang='lat' dir='ltr'>arcum?</span> <span class='ocrx_word' id='word_1_77' title='bbox 1293 1457 1334 1518; x_wconf 90' lang='grc'>60</span> 
     </span>
    </p>

    <p class='ocr_par' dir='ltr' id='par_1_14' title="bbox 188 1553 1035 1638">
     <span class='ocr_line' id='line_1_14' title="bbox 188 1553 1035 1638; baseline -0.001 -21"><span class='ocrx_word' id='word_1_78' title='bbox 188 1556 242 1618; x_wconf 89' lang='lat' dir='ltr'>An</span> <span class='ocrx_word' id='word_1_79' title='bbox 264 1554 380 1637; x_wconf 84' lang='lat' dir='ltr'>passim</span> <span class='ocrx_word' id='word_1_80' title='bbox 403 1553 548 1638; x_wconf 85' lang='lat' dir='ltr'>sequeris</span> <span class='ocrx_word' id='word_1_81' title='bbox 570 1574 690 1616; x_wconf 87' lang='lat' dir='ltr'>corvos</span> <span class='ocrx_word' id='word_1_82' title='bbox 713 1564 858 1637; x_wconf 88' lang='lat' dir='ltr'>testaque</span> <span class='ocrx_word' id='word_1_83' title='bbox 882 1554 1035 1638; x_wconf 86' lang='lat' dir='ltr'>lutoque,</span> 
     </span>
    </p>

    <p class='ocr_par' dir='ltr' id='par_1_15' title="bbox 188 1655 1110 1738">
     <span class='ocr_line' id='line_1_15' title="bbox 188 1655 1110 1738; baseline -0.001 -19"><span class='ocrx_word' id='word_1_84' title='bbox 188 1659 325 1720; x_wconf 89' lang='lat' dir='ltr'>Securus</span> <span class='ocrx_word' id='word_1_85' title='bbox 349 1677 415 1738; x_wconf 91' lang='lat' dir='ltr'>quo</span> <span class='ocrx_word' id='word_1_86' title='bbox 437 1677 495 1737; x_wconf 90' lang='lat' dir='ltr'>pes</span> <span class='ocrx_word' id='word_1_87' title='bbox 516 1655 620 1730; x_wconf 80' lang='lat' dir='ltr'>ierat,</span> <span class='ocrx_word' id='word_1_88' title='bbox 646 1667 741 1737; x_wconf 88' lang='lat' dir='ltr'>atquc</span> <span class='ocrx_word' id='word_1_89' title='bbox 764 1678 805 1718; x_wconf 89' lang='lat' dir='ltr'>ex</span> <span class='ocrx_word' id='word_1_90' title='bbox 828 1667 974 1737; x_wconf 89' lang='lat' dir='ltr'>tempore</span> <span class='ocrx_word' id='word_1_91' title='bbox 997 1655 1110 1720; x_wconf 83' lang='lat' dir='ltr'>vivis?</span> 
     </span>
    </p>

    <p class='ocr_par' dir='ltr' id='par_1_16' title="bbox 187 1755 1173 1842">
     <span class='ocr_line' id='line_1_16' title="bbox 187 1755 1173 1842; baseline -0.001 -21"><span class='ocrx_word' id='word_1_92' title='bbox 187 1759 399 1821; x_wconf 89' lang='lat' dir='ltr'>Helleborum</span> <span class='ocrx_word' id='word_1_93' title='bbox 421 1756 560 1831; x_wconf 87' lang='lat' dir='ltr'>frustra,</span> <span class='ocrx_word' id='word_1_94' title='bbox 584 1779 681 1839; x_wconf 90' lang='lat' dir='ltr'>quom</span> <span class='ocrx_word' id='word_1_95' title='bbox 704 1755 766 1819; x_wconf 90' lang='lat' dir='ltr'>iam</span> <span class='ocrx_word' id='word_1_96' title='bbox 789 1756 870 1820; x_wconf 87' lang='lat' dir='ltr'>eutis</span> <span class='ocrx_word' id='word_1_97' title='bbox 893 1778 991 1842; x_wconf 85' lang='lat' dir='ltr'>aegra</span> <span class='ocrx_word' id='word_1_98' title='bbox 1013 1759 1173 1834; x_wconf 89' lang='lat' dir='ltr'><strong>tumebit,</strong></span> 
     </span>
    </p>

    <p class='ocr_par' dir='ltr' id='par_1_17' title="bbox 187 1857 1044 1923">
     <span class='ocr_line' id='line_1_17' title="bbox 187 1857 1044 1923; baseline -0.002 0"><span class='ocrx_word' id='word_1_99' title='bbox 187 1858 365 1923; x_wconf 83' lang='lat' dir='ltr'>Poscentes</span> <span class='ocrx_word' id='word_1_100' title='bbox 389 1858 509 1922; x_wconf 86' lang='lat' dir='ltr'>videas.</span> <span class='ocrx_word' id='word_1_101' title='bbox 553 1857 707 1921; x_wconf 89' lang='lat' dir='ltr'>Venieuti</span> <span class='ocrx_word' id='word_1_102' title='bbox 729 1858 891 1921; x_wconf 84' lang='lat' dir='ltr'>occurrite</span> <span class='ocrx_word' id='word_1_103' title='bbox 915 1861 1044 1923; x_wconf 87' lang='lat' dir='ltr'>morbo.</span> 
     </span>
    </p>

    <p class='ocr_par' dir='ltr' id='par_1_18' title="bbox 189 1960 1332 2045">
     <span class='ocr_line' id='line_1_18' title="bbox 189 1960 1332 2045; baseline 0.004 -20"><span class='ocrx_word' id='word_1_104' title='bbox 189 1960 317 2045; x_wconf 79' lang='lat' dir='ltr'>Ecquid</span> <span class='ocrx_word' id='word_1_105' title='bbox 340 1982 419 2042; x_wconf 91' lang='lat' dir='ltr'>opus</span> <span class='ocrx_word' id='word_1_106' title='bbox 436 1960 581 2025; x_wconf 67' lang='lat' dir='ltr'>rCratero</span> <span class='ocrx_word' id='word_1_107' title='bbox 605 1980 739 2044; x_wconf 87' lang='lat' dir='ltr'>magnos</span> <span class='ocrx_word' id='word_1_108' title='bbox 761 1960 952 2042; x_wconf 87' lang='lat' dir='ltr'><strong>promittere</strong></span> <span class='ocrx_word' id='word_1_109' title='bbox 975 1962 1127 2024; x_wconf 83' lang='lat' dir='ltr'>montes?</span> <span class='ocrx_word' id='word_1_110' title='bbox 1288 1967 1332 2030; x_wconf 84' lang='grc'>65</span> 
     </span>
    </p>

    <p class='ocr_par' dir='ltr' id='par_1_19' title="bbox 187 2061 1080 2146">
     <span class='ocr_line' id='line_1_19' title="bbox 187 2061 1080 2146; baseline 0 -21"><span class='ocrx_word' id='word_1_111' title='bbox 187 2063 330 2136; x_wconf 87' lang='lat' dir='ltr'>Discite,</span> <span class='ocrx_word' id='word_1_112' title='bbox 356 2083 377 2125; x_wconf 97' lang='lat' dir='ltr'>o</span> <span class='ocrx_word' id='word_1_113' title='bbox 399 2061 527 2135; x_wconf 89' lang='lat' dir='ltr'>miseri,</span> <span class='ocrx_word' id='word_1_114' title='bbox 552 2073 583 2124; x_wconf 91' lang='lat' dir='ltr'>et</span> <span class='ocrx_word' id='word_1_115' title='bbox 604 2082 716 2124; x_wconf 87' lang='lat' dir='ltr'>causas</span> <span class='ocrx_word' id='word_1_116' title='bbox 740 2062 929 2146; x_wconf 87' lang='lat' dir='ltr'>cognoscite</span> <span class='ocrx_word' id='word_1_117' title='bbox 952 2084 1080 2139; x_wconf 86' lang='lat' dir='ltr'>rerum,</span> 
     </span>
    </p>

    <p class='ocr_par' dir='ltr' id='par_1_20' title="bbox 190 2162 1146 2249">
     <span class='ocr_line' id='line_1_20' title="bbox 190 2162 1146 2249; baseline 0.006 -23"><span class='ocrx_word' id='word_1_118' title='bbox 190 2163 277 2242; x_wconf 86' lang='lat' dir='ltr'>Quid</span> <span class='ocrx_word' id='word_1_119' title='bbox 298 2185 404 2227; x_wconf 87' lang='lat' dir='ltr'>sumus</span> <span class='ocrx_word' id='word_1_120' title='bbox 427 2175 459 2226; x_wconf 93' lang='lat' dir='ltr'>et</span> <span class='ocrx_word' id='word_1_121' title='bbox 481 2165 630 2248; x_wconf 86' lang='lat' dir='ltr'>quidnam</span> <span class='ocrx_word' id='word_1_122' title='bbox 652 2162 771 2226; x_wconf 86' lang='lat' dir='ltr'>victuri</span> <span class='ocrx_word' id='word_1_123' title='bbox 793 2164 979 2249; x_wconf 83' lang='lat' dir='ltr'>gignimur?</span> <span class='ocrx_word' id='word_1_124' title='bbox 1001 2170 1085 2233; x_wconf 90' lang='lat' dir='ltr'>ordo</span> <span class='ocrx_word' id='word_1_125' title='bbox 1143 2210 1146 2213; x_wconf 92' lang='lat'>-</span> 
     </span>
    </p>

    <p class='ocr_par' dir='ltr' id='par_1_21' title="bbox 189 2265 1108 2350">
     <span class='ocr_line' id='line_1_21' title="bbox 189 2265 1108 2350; baseline 0.004 -22"><span class='ocrx_word' id='word_1_126' title='bbox 189 2265 269 2347; x_wconf 86' lang='lat' dir='ltr'>Quis</span> <span class='ocrx_word' id='word_1_127' title='bbox 292 2269 382 2329; x_wconf 86' lang='lat' dir='ltr'>datus</span> <span class='ocrx_word' id='word_1_128' title='bbox 404 2278 458 2330; x_wconf 86' lang='lat' dir='ltr'>aut</span> <span class='ocrx_word' id='word_1_129' title='bbox 480 2277 579 2329; x_wconf 90' lang='lat' dir='ltr'>metae</span> <span class='ocrx_word' id='word_1_130' title='bbox 602 2288 665 2350; x_wconf 87' lang='lat' dir='ltr'>qua</span> <span class='ocrx_word' id='word_1_131' title='bbox 688 2266 792 2330; x_wconf 92' lang='lat' dir='ltr'>mollis</span> <span class='ocrx_word' id='word_1_132' title='bbox 814 2267 918 2329; x_wconf 84' lang='lat' dir='ltr'>flexus</span> <span class='ocrx_word' id='word_1_133' title='bbox 941 2278 973 2330; x_wconf 87' lang='lat' dir='ltr'>ct</span> <span class='ocrx_word' id='word_1_134' title='bbox 995 2269 1108 2332; x_wconf 87' lang='lat' dir='ltr'>unde?</span> 
     </span>
    </p>

    <p class='ocr_par' dir='ltr' id='par_1_22' title="bbox 189 2367 1146 2454">
     <span class='ocr_line' id='line_1_22' title="bbox 189 2367 1146 2454; baseline 0.007 -25"><span class='ocrx_word' id='word_1_135' title='bbox 189 2367 270 2448; x_wconf 87' lang='lat' dir='ltr'>Quis</span> <span class='ocrx_word' id='word_1_136' title='bbox 294 2370 405 2432; x_wconf 89' lang='lat' dir='ltr'>modus</span> <span class='ocrx_word' id='word_1_137' title='bbox 428 2367 590 2453; x_wconf 85' lang='lat' dir='ltr'>argento?</span> <span class='ocrx_word' id='word_1_138' title='bbox 612 2369 686 2453; x_wconf 92' lang='lat' dir='ltr'>quid</span> <span class='ocrx_word' id='word_1_139' title='bbox 708 2369 758 2432; x_wconf 85' lang='lat' dir='ltr'>sas</span> <span class='ocrx_word' id='word_1_140' title='bbox 782 2368 925 2450; x_wconf 77' lang='lat' dir='ltr'>optare?</span> <span class='ocrx_word' id='word_1_141' title='bbox 947 2370 1023 2454; x_wconf 92' lang='lat' dir='ltr'>quid</span> <span class='ocrx_word' id='word_1_142' title='bbox 1046 2392 1146 2454; x_wconf 86' lang='lat' dir='ltr'>asper</span> 
     </span>
    </p>

    <p class='ocr_par' dir='ltr' id='par_1_23' title="bbox 188 2468 1329 2558">
     <span class='ocr_line' id='line_1_23' title="bbox 188 2468 1329 2558; baseline 0.008 -26"><span class='ocrx_word' id='word_1_143' title='bbox 188 2468 274 2533; x_wconf 89' lang='lat' dir='ltr'>Utile</span> <span class='ocrx_word' id='word_1_144' title='bbox 297 2490 439 2532; x_wconf 87' lang='lat' dir='ltr'>nummus</span> <span class='ocrx_word' id='word_1_145' title='bbox 461 2468 582 2532; x_wconf 86' lang='lat' dir='ltr'>habet?</span> <span class='ocrx_word' id='word_1_146' title='bbox 604 2469 726 2552; x_wconf 88' lang='lat' dir='ltr'>patriae</span> <span class='ocrx_word' id='word_1_147' title='bbox 749 2469 895 2554; x_wconf 87' lang='lat' dir='ltr'>carisque</span> <span class='ocrx_word' id='word_1_148' title='bbox 916 2473 1108 2558; x_wconf 88' lang='lat' dir='ltr'>propinquis</span> <span class='ocrx_word' id='word_1_149' title='bbox 1285 2480 1329 2541; x_wconf 80' lang='lat' dir='ltr'>to</span> 
     </span>
    </p>

    <p class='ocr_par' dir='ltr' id='par_1_24' title="bbox 188 2569 1021 2655">
     <span class='ocr_line' id='line_1_24' title="bbox 188 2569 1021 2655; baseline 0.005 -22"><span class='ocrx_word' id='word_1_150' title='bbox 188 2569 348 2650; x_wconf 86' lang='lat' dir='ltr'>Quantum</span> <span class='ocrx_word' id='word_1_151' title='bbox 372 2569 502 2655; x_wconf 86' lang='lat' dir='ltr'>elargiri</span> <span class='ocrx_word' id='word_1_152' title='bbox 523 2569 659 2633; x_wconf 83' lang='lat' dir='ltr'>decent?</span> <span class='ocrx_word' id='word_1_153' title='bbox 682 2592 774 2654; x_wconf 91' lang='lat' dir='ltr'>quem</span> <span class='ocrx_word' id='word_1_154' title='bbox 797 2583 828 2634; x_wconf 87' lang='lat' dir='ltr'>te</span> <span class='ocrx_word' id='word_1_155' title='bbox 851 2574 928 2635; x_wconf 89' lang='lat' dir='ltr'>deus</span> <span class='ocrx_word' id='word_1_156' title='bbox 952 2595 1021 2637; x_wconf 87' lang='lat' dir='ltr'>esse</span> 
     </span>
    </p>

    <p class='ocr_par' dir='ltr' id='par_1_25' title="bbox 189 2670 1025 2757">
     <span class='ocr_line' id='line_1_25' title="bbox 189 2670 1025 2757; baseline 0.006 -23"><span class='ocrx_word' id='word_1_157' title='bbox 189 2670 287 2735; x_wconf 91' lang='lat' dir='ltr'>Iussit</span> <span class='ocrx_word' id='word_1_158' title='bbox 310 2683 341 2734; x_wconf 87' lang='lat' dir='ltr'>ct</span> <span class='ocrx_word' id='word_1_159' title='bbox 361 2673 496 2734; x_wconf 85' lang='lat' dir='ltr'>humana</span> <span class='ocrx_word' id='word_1_160' title='bbox 518 2693 579 2757; x_wconf 91' lang='lat' dir='ltr'>qua</span> <span class='ocrx_word' id='word_1_161' title='bbox 601 2684 691 2754; x_wconf 88' lang='lat' dir='ltr'>parte</span> <span class='ocrx_word' id='word_1_162' title='bbox 714 2673 837 2738; x_wconf 88' lang='lat' dir='ltr'>locatus</span> <span class='ocrx_word' id='word_1_163' title='bbox 859 2696 893 2737; x_wconf 87' lang='lat' dir='ltr'>es</span> <span class='ocrx_word' id='word_1_164' title='bbox 915 2675 947 2737; x_wconf 92' lang='lat' dir='ltr'>in</span> <span class='ocrx_word' id='word_1_165' title='bbox 969 2698 1025 2753; x_wconf 91' lang='lat' dir='ltr'>re,</span> 
     </span>
    </p>

    <p class='ocr_par' dir='ltr' id='par_1_26' title="bbox 186 2773 1359 3066">
     <span class='ocr_line' id='line_1_26' title="bbox 186 2773 1359 2861; baseline 0.003 -23"><span class='ocrx_word' id='word_1_166' title='bbox 186 2774 285 2838; x_wconf 80' lang='lat' dir='ltr'>Disce</span> <span class='ocrx_word' id='word_1_167' title='bbox 308 2795 410 2858; x_wconf 88' lang='lat' dir='ltr'>neque</span> <span class='ocrx_word' id='word_1_168' title='bbox 431 2773 597 2851; x_wconf 84' lang='lat' dir='ltr'>invideas,</span> <span class='ocrx_word' id='word_1_169' title='bbox 621 2776 710 2859; x_wconf 89' lang='lat' dir='ltr'>quod</span> <span class='ocrx_word' id='word_1_170' title='bbox 731 2775 829 2838; x_wconf 89' lang='lat' dir='ltr'>multa</span> <span class='ocrx_word' id='word_1_171' title='bbox 851 2776 957 2840; x_wconf 86' lang='lat' dir='ltr'>fidelia</span> <span class='ocrx_word' id='word_1_172' title='bbox 978 2789 1069 2861; x_wconf 90' lang='lat' dir='ltr'>putet</span> <span class='ocrx_word' id='word_1_173' title='bbox 1358 2814 1359 2857; x_wconf 78' lang='lat' dir='ltr'>t</span> 
     </span>
     <span class='ocr_line' id='line_1_27' title="bbox 255 3003 1327 3066; baseline 0.007 -13"><span class='ocrx_word' id='word_1_174' title='bbox 255 3003 297 3053; x_wconf 78' lang='lat'><strong>5⁰.</strong></span> <span class='ocrx_word' id='word_1_175' title='bbox 318 3030 350 3040; x_wconf 91' lang='lat'><em>-</em></span> <span class='ocrx_word' id='word_1_176' title='bbox 368 3003 490 3050; x_wconf 80' lang='lat' dir='ltr'>Redderet</span> <span class='ocrx_word' id='word_1_177' title='bbox 510 3008 541 3049; x_wconf 85' lang='lat' dir='ltr'><strong>V.</strong></span> <span class='ocrx_word' id='word_1_178' title='bbox 592 3004 633 3051; x_wconf 84' lang='lat'><strong>51.</strong></span> <span class='ocrx_word' id='word_1_179' title='bbox 653 3030 686 3040; x_wconf 92' lang='lat'>-</span> <span class='ocrx_word' id='word_1_180' title='bbox 703 3005 756 3051; x_wconf 81' lang='lat' dir='ltr'>Nee</span> <span class='ocrx_word' id='word_1_181' title='bbox 772 3007 828 3066; x_wconf 83' lang='lat' dir='ltr'>quie</span> <span class='ocrx_word' id='word_1_182' title='bbox 846 3006 876 3054; x_wconf 87' lang='lat' dir='ltr'><strong>E.</strong></span> <span class='ocrx_word' id='word_1_183' title='bbox 927 3005 970 3053; x_wconf 79' lang='lat'><strong>52.</strong></span> <span class='ocrx_word' id='word_1_184' title='bbox 992 3018 1025 3050; x_wconf 87' lang='lat'>=</span> <span class='ocrx_word' id='word_1_185' title='bbox 1044 3007 1116 3055; x_wconf 73' lang='lat' dir='ltr'>Haut</span> <span class='ocrx_word' id='word_1_186' title='bbox 1132 3013 1166 3059; x_wconf 86' lang='lat' dir='ltr'><strong>V.</strong></span> <span class='ocrx_word' id='word_1_187' title='bbox 1217 3014 1258 3059; x_wconf 89' lang='lat' dir='ltr'>lb.</span> <span class='ocrx_word' id='word_1_188' title='bbox 1282 3015 1327 3060; x_wconf 81' lang='lat' dir='ltr'>de-</span> 
     </span>
    </p>

    <p class='ocr_par' dir='ltr' id='par_1_27' title="bbox 184 3072 1329 3135">
     <span class='ocr_line' id='line_1_28' title="bbox 184 3072 1329 3135; baseline 0.007 -18"><span class='ocrx_word' id='word_1_189' title='bbox 184 3073 320 3134; x_wconf 81' lang='lat' dir='ltr'>prendere]</span> <span class='ocrx_word' id='word_1_190' title='bbox 348 3075 423 3120; x_wconf 82' lang='lat' dir='ltr'><strong>RVA.</strong></span> <span class='ocrx_word' id='word_1_191' title='bbox 452 3098 479 3108; x_wconf 96' lang='lat'>-</span> <span class='ocrx_word' id='word_1_192' title='bbox 509 3072 694 3132; x_wconf 68' lang='lat' dir='ltr'>deprehendere</span> <span class='ocrx_word' id='word_1_193' title='bbox 715 3076 796 3135; x_wconf 67' lang='lat' dir='ltr'><strong>TEM.</strong></span> <span class='ocrx_word' id='word_1_194' title='bbox 818 3098 848 3109; x_wconf 89' lang='lat'><em>-</em></span> <span class='ocrx_word' id='word_1_195' title='bbox 867 3074 1051 3135; x_wconf 78' lang='lat' dir='ltr'>reprehendere</span> <span class='ocrx_word' id='word_1_196' title='bbox 1070 3080 1096 3123; x_wconf 87' lang='lat' dir='ltr'><strong>S.</strong></span> <span class='ocrx_word' id='word_1_197' title='bbox 1160 3076 1205 3125; x_wconf 74' lang='lat'><strong>54.</strong></span> <span class='ocrx_word' id='word_1_198' title='bbox 1227 3104 1269 3118; x_wconf 88' lang='lat'>-</span> <span class='ocrx_word' id='word_1_199' title='bbox 1288 3092 1329 3130; x_wconf 70' lang='lat' dir='ltr'>eet</span> 
     </span>
    </p>

    <p class='ocr_par' dir='ltr' id='par_1_28' title="bbox 187 3141 1326 3205">
     <span class='ocr_line' id='line_1_29' title="bbox 187 3141 1326 3205; baseline 0.01 -18"><span class='ocrx_word' id='word_1_200' title='bbox 187 3141 246 3202; x_wconf 85' lang='lat' dir='ltr'>(sie)</span> <span class='ocrx_word' id='word_1_201' title='bbox 274 3143 381 3190; x_wconf 84' lang='lat' dir='ltr'>detuueu</span> <span class='ocrx_word' id='word_1_202' title='bbox 408 3144 439 3188; x_wconf 80' lang='lat' dir='ltr'>ll.</span> <span class='ocrx_word' id='word_1_203' title='bbox 468 3167 501 3178; x_wconf 93' lang='lat'><em>-</em></span> <span class='ocrx_word' id='word_1_204' title='bbox 530 3142 619 3202; x_wconf 79' lang='lat' dir='ltr'>quibua</span> <span class='ocrx_word' id='word_1_205' title='bbox 644 3144 778 3189; x_wconf 84' lang='lat' dir='ltr'>indetonao</span> <span class='ocrx_word' id='word_1_206' title='bbox 809 3146 840 3189; x_wconf 87' lang='grc' dir='ltr'>Τ.</span> <span class='ocrx_word' id='word_1_207' title='bbox 871 3166 901 3179; x_wconf 92' lang='lat'>·-·</span> <span class='ocrx_word' id='word_1_208' title='bbox 932 3146 1021 3205; x_wconf 81' lang='lat' dir='ltr'>quidue</span> <span class='ocrx_word' id='word_1_209' title='bbox 1049 3153 1074 3192; x_wconf 90' lang='lat' dir='ltr'>et</span> <span class='ocrx_word' id='word_1_210' title='bbox 1098 3146 1238 3195; x_wconf 79' lang='lat' dir='ltr'>indetoneo</span> <span class='ocrx_word' id='word_1_211' title='bbox 1265 3154 1326 3198; x_wconf 81' lang='lat' dir='ltr'>stt.</span> 
     </span>
    </p>

    <p class='ocr_par' dir='ltr' id='par_1_29' title="bbox 188 3210 1326 3272">
     <span class='ocr_line' id='line_1_30' title="bbox 188 3210 1326 3272; baseline 0.007 -13"><span class='ocrx_word' id='word_1_212' title='bbox 188 3210 229 3259; x_wconf 89' lang='grc'><strong>56.</strong></span> <span class='ocrx_word' id='word_1_213' title='bbox 249 3213 362 3272; x_wconf 78' lang='lat' dir='ltr'>diduxit]</span> <span class='ocrx_word' id='word_1_214' title='bbox 381 3214 457 3258; x_wconf 86' lang='lat' dir='ltr'>Codd.</span> <span class='ocrx_word' id='word_1_215' title='bbox 478 3213 552 3256; x_wconf 74' lang='lat' dir='ltr'>nuru.</span> <span class='ocrx_word' id='word_1_216' title='bbox 574 3233 603 3244; x_wconf 95' lang='lat'><em>-</em></span> <span class='ocrx_word' id='word_1_217' title='bbox 624 3211 733 3259; x_wconf 80' lang='lat' dir='ltr'>deduxit</span> <span class='ocrx_word' id='word_1_218' title='bbox 752 3214 842 3259; x_wconf 83' lang='lat' dir='ltr'>Omnes</span> <span class='ocrx_word' id='word_1_219' title='bbox 862 3215 919 3258; x_wconf 89' lang='lat' dir='ltr'>mei.</span> <span class='ocrx_word' id='word_1_220' title='bbox 978 3213 1022 3260; x_wconf 80' lang='lat' dir='ltr'>il.</span> <span class='ocrx_word' id='word_1_221' title='bbox 1041 3240 1075 3250; x_wconf 93' lang='lat'><em>-</em></span> <span class='ocrx_word' id='word_1_222' title='bbox 1094 3225 1274 3265; x_wconf 77' lang='lat' dir='ltr'>monstratum</span> <span class='ocrx_word' id='word_1_223' title='bbox 1294 3224 1326 3268; x_wconf 78' lang='lat' dir='ltr'><strong>F.</strong></span> 
     </span>
    </p>

    <p class='ocr_par' dir='ltr' id='par_1_30' title="bbox 187 3279 1327 3350">
     <span class='ocr_line' id='line_1_31' title="bbox 187 3279 1327 3350; baseline 0.006 -24"><span class='ocrx_word' id='word_1_224' title='bbox 187 3283 223 3326; x_wconf 84' lang='lat' dir='ltr'>lb.</span> <span class='ocrx_word' id='word_1_225' title='bbox 239 3284 371 3327; x_wconf 83' lang='lat' dir='ltr'>-collem</span> <span class='ocrx_word' id='word_1_226' title='bbox 382 3284 414 3326; x_wconf 86' lang='lat' dir='ltr'><strong>V.</strong></span> <span class='ocrx_word' id='word_1_227' title='bbox 453 3279 696 3341; x_wconf 84' lang='lat' dir='ltr'>58.—Iopaumque</span> <span class='ocrx_word' id='word_1_228' title='bbox 716 3283 769 3327; x_wconf 88' lang='lat' dir='ltr'><strong>SM.</strong></span> <span class='ocrx_word' id='word_1_229' title='bbox 809 3280 850 3330; x_wconf 85' lang='grc'><strong>60.</strong></span> <span class='ocrx_word' id='word_1_230' title='bbox 865 3280 987 3327; x_wconf 81' lang='lat' dir='ltr'>-Eetne</span> <span class='ocrx_word' id='word_1_231' title='bbox 1002 3285 1102 3343; x_wconf 76' lang='lat' dir='ltr'>adipuid</span> <span class='ocrx_word' id='word_1_232' title='bbox 1115 3286 1146 3331; x_wconf 98' lang='lat' dir='ltr'><strong>A.</strong></span> <span class='ocrx_word' id='word_1_233' title='bbox 1168 3308 1205 3319; x_wconf 97' lang='lat'>-</span> <span class='ocrx_word' id='word_1_234' title='bbox 1223 3289 1254 3333; x_wconf 83' lang='lat' dir='ltr'>in</span> <span class='ocrx_word' id='word_1_235' title='bbox 1276 3306 1327 3350; x_wconf 85' lang='lat' dir='ltr'>quo</span> 
     </span>
    </p>

    <p class='ocr_par' dir='ltr' id='par_1_31' title="bbox 187 3348 1328 3410">
     <span class='ocr_line' id='line_1_32' title="bbox 187 3348 1328 3410; baseline 0.007 -14"><span class='ocrx_word' id='word_1_236' title='bbox 187 3351 278 3396; x_wconf 81' lang='lat' dir='ltr'>Omnes</span> <span class='ocrx_word' id='word_1_237' title='bbox 296 3353 352 3396; x_wconf 88' lang='lat' dir='ltr'>mei.</span> <span class='ocrx_word' id='word_1_238' title='bbox 403 3349 443 3396; x_wconf 79' lang='grc'><strong>61.</strong></span> <span class='ocrx_word' id='word_1_239' title='bbox 465 3375 498 3384; x_wconf 91' lang='grc'>-</span> <span class='ocrx_word' id='word_1_240' title='bbox 516 3353 630 3410; x_wconf 72' lang='lat' dir='ltr'>aequeris</span> <span class='ocrx_word' id='word_1_241' title='bbox 648 3351 748 3408; x_wconf 82' lang='lat' dir='ltr'>pueaim</span> <span class='ocrx_word' id='word_1_242' title='bbox 766 3351 797 3395; x_wconf 88' lang='lat' dir='ltr'><strong>A.</strong></span> <span class='ocrx_word' id='word_1_243' title='bbox 848 3348 890 3396; x_wconf 89' lang='grc'><strong>65.</strong></span> <span class='ocrx_word' id='word_1_244' title='bbox 910 3370 944 3386; x_wconf 90' lang='grc'>-</span> <span class='ocrx_word' id='word_1_245' title='bbox 962 3355 1079 3399; x_wconf 76' lang='lat' dir='ltr'>tumescit</span> <span class='ocrx_word' id='word_1_246' title='bbox 1098 3355 1129 3403; x_wconf 82' lang='lat' dir='ltr'>tt.</span> <span class='ocrx_word' id='word_1_247' title='bbox 1152 3376 1183 3389; x_wconf 91' lang='lat'><em>-</em></span> <span class='ocrx_word' id='word_1_248' title='bbox 1206 3361 1328 3405; x_wconf 78' lang='lat' dir='ltr'>tumebat</span> 
     </span>
    </p>

    <p class='ocr_par' dir='ltr' id='par_1_32' title="bbox 186 3416 1357 3487">
     <span class='ocr_line' id='line_1_33' title="bbox 186 3416 1357 3487; baseline 0.009 -24"><span class='ocrx_word' id='word_1_249' title='bbox 186 3423 218 3465; x_wconf 85' lang='lat' dir='ltr'><strong>V.</strong></span> <span class='ocrx_word' id='word_1_250' title='bbox 256 3420 293 3465; x_wconf 79' lang='lat' dir='ltr'>ll).</span> <span class='ocrx_word' id='word_1_251' title='bbox 313 3416 424 3481; x_wconf 80' lang='lat' dir='ltr'>Ecquid]</span> <span class='ocrx_word' id='word_1_252' title='bbox 443 3421 483 3465; x_wconf 83' lang='lat' dir='ltr'>Sic</span> <span class='ocrx_word' id='word_1_253' title='bbox 502 3421 598 3476; x_wconf 83' lang='lat' dir='ltr'>scripsi.</span> <span class='ocrx_word' id='word_1_254' title='bbox 617 3444 651 3454; x_wconf 92' lang='lat'><em>-</em></span> <span class='ocrx_word' id='word_1_255' title='bbox 668 3418 773 3480; x_wconf 79' lang='lat' dir='ltr'>Eiquid</span> <span class='ocrx_word' id='word_1_256' title='bbox 788 3420 865 3465; x_wconf 83' lang='lat' dir='ltr'>Codd.</span> <span class='ocrx_word' id='word_1_257' title='bbox 882 3420 944 3468; x_wconf 85' lang='lat' dir='ltr'>Edd.</span> <span class='ocrx_word' id='word_1_258' title='bbox 984 3419 1026 3466; x_wconf 94' lang='grc'><strong>66.</strong></span> <span class='ocrx_word' id='word_1_259' title='bbox 1045 3421 1156 3479; x_wconf 71' lang='lat' dir='ltr'>Discite,</span> <span class='ocrx_word' id='word_1_260' title='bbox 1176 3439 1193 3469; x_wconf 89' lang='lat' dir='ltr'>o</span> <span class='ocrx_word' id='word_1_261' title='bbox 1212 3428 1325 3487; x_wconf 68' lang='lat' dir='ltr'>miseri]</span> <span class='ocrx_word' id='word_1_262' title='bbox 1356 3472 1357 3487; x_wconf 48' lang='lat'>,</span> 
     </span>
    </p>

    <p class='ocr_par' dir='ltr' id='par_1_33' title="bbox 187 3487 1357 3547">
     <span class='ocr_line' id='line_1_34' title="bbox 187 3487 1357 3547; baseline 0.006 -12"><span class='ocrx_word' id='word_1_263' title='bbox 187 3490 263 3536; x_wconf 83' lang='lat' dir='ltr'>Codd.</span> <span class='ocrx_word' id='word_1_264' title='bbox 294 3494 341 3536; x_wconf 87' lang='lat' dir='ltr'>mei</span> <span class='ocrx_word' id='word_1_265' title='bbox 368 3497 391 3536; x_wconf 89' lang='lat' dir='ltr'>et</span> <span class='ocrx_word' id='word_1_266' title='bbox 419 3492 455 3534; x_wconf 91' lang='lat' dir='ltr'><strong>M.</strong></span> <span class='ocrx_word' id='word_1_267' title='bbox 475 3491 517 3547; x_wconf 86' lang='grc' dir='ltr'><strong>(Τ.</strong></span> <span class='ocrx_word' id='word_1_268' title='bbox 540 3491 591 3535; x_wconf 88' lang='lat' dir='ltr'>sie:</span> <span class='ocrx_word' id='word_1_269' title='bbox 622 3488 722 3534; x_wconf 72' lang='lat' dir='ltr'>Discite</span> <span class='ocrx_word' id='word_1_270' title='bbox 743 3503 757 3534; x_wconf 91' lang='lat' dir='ltr'>o</span> <span class='ocrx_word' id='word_1_271' title='bbox 778 3503 813 3534; x_wconf 86' lang='lat' dir='ltr'>m.</span> <span class='ocrx_word' id='word_1_272' title='bbox 832 3487 950 3546; x_wconf 78' lang='lat' dir='ltr'>cautos.)</span> <span class='ocrx_word' id='word_1_273' title='bbox 968 3511 1001 3521; x_wconf 97' lang='lat'>—</span> <span class='ocrx_word' id='word_1_274' title='bbox 1019 3490 1120 3536; x_wconf 75' lang='lat' dir='ltr'>Discite</span> <span class='ocrx_word' id='word_1_275' title='bbox 1141 3499 1167 3537; x_wconf 91' lang='lat' dir='ltr'>et</span> <span class='ocrx_word' id='word_1_276' title='bbox 1186 3508 1203 3538; x_wconf 87' lang='lat' dir='ltr'>n</span> <span class='ocrx_word' id='word_1_277' title='bbox 1225 3498 1326 3542; x_wconf 85' lang='lat' dir='ltr'>mieeri</span> <span class='ocrx_word' id='word_1_278' title='bbox 1356 3492 1357 3501; x_wconf 70' lang='grc'>’</span> 
     </span>
    </p>
   </div>
   <div class='ocr_carea' id='block_1_3' title="bbox 187 3555 1356 3689">
    <p class='ocr_par' dir='ltr' id='par_1_34' title="bbox 187 3555 1356 3689">
     <span class='ocr_line' id='line_1_35' title="bbox 187 3555 1325 3622; baseline -0.003 -19"><span class='ocrx_word' id='word_1_279' title='bbox 187 3573 280 3605; x_wconf 75' lang='lat' dir='ltr'>cnutus</span> <span class='ocrx_word' id='word_1_280' title='bbox 301 3562 332 3606; x_wconf 80' lang='lat' dir='ltr'><strong>A.</strong></span> <span class='ocrx_word' id='word_1_281' title='bbox 359 3585 392 3594; x_wconf 98' lang='lat'>-</span> <span class='ocrx_word' id='word_1_282' title='bbox 421 3559 567 3619; x_wconf 79' lang='lat' dir='ltr'>Disciteque</span> <span class='ocrx_word' id='word_1_283' title='bbox 584 3574 599 3604; x_wconf 90' lang='lat' dir='ltr'>o</span> <span class='ocrx_word' id='word_1_284' title='bbox 616 3573 651 3604; x_wconf 89' lang='lat' dir='ltr'>m.</span> <span class='ocrx_word' id='word_1_285' title='bbox 674 3572 745 3607; x_wconf 82' lang='lat' dir='ltr'>cone.</span> <span class='ocrx_word' id='word_1_286' title='bbox 769 3559 870 3616; x_wconf 86' lang='lat' dir='ltr'>Foquel.</span> <span class='ocrx_word' id='word_1_287' title='bbox 926 3555 967 3604; x_wconf 85' lang='grc'><strong>67.</strong></span> <span class='ocrx_word' id='word_1_288' title='bbox 987 3580 1018 3595; x_wconf 89' lang='grc'><strong>-</strong></span> <span class='ocrx_word' id='word_1_289' title='bbox 1036 3566 1061 3604; x_wconf 88' lang='lat' dir='ltr'>et</span> <span class='ocrx_word' id='word_1_290' title='bbox 1078 3561 1212 3622; x_wconf 83' lang='lat' dir='ltr'>quidnam]</span> <span class='ocrx_word' id='word_1_291' title='bbox 1231 3568 1270 3610; x_wconf 79' lang='lat' dir='ltr'>V,</span> <span class='ocrx_word' id='word_1_292' title='bbox 1295 3588 1325 3600; x_wconf 84' lang='lat'>.-</span> 
     </span>
     <span class='ocr_line' id='line_1_36' title="bbox 187 3625 1356 3689; baseline 0.001 -15"><span class='ocrx_word' id='word_1_293' title='bbox 187 3635 232 3673; x_wconf 82' lang='lat' dir='ltr'>out</span> <span class='ocrx_word' id='word_1_294' title='bbox 242 3628 361 3689; x_wconf 79' lang='lat' dir='ltr'>quidnam</span> <span class='ocrx_word' id='word_1_295' title='bbox 373 3629 514 3674; x_wconf 81' lang='lat' dir='ltr'><strong>TRESAM.</strong></span> <span class='ocrx_word' id='word_1_296' title='bbox 535 3628 571 3677; x_wconf 84' lang='lat' dir='ltr'>tt.</span> <span class='ocrx_word' id='word_1_297' title='bbox 585 3652 611 3663; x_wconf 93' lang='lat'><em>-</em></span> <span class='ocrx_word' id='word_1_298' title='bbox 625 3629 716 3674; x_wconf 75' lang='lat' dir='ltr'>victuri</span> <span class='ocrx_word' id='word_1_299' title='bbox 728 3628 858 3673; x_wconf 76' lang='lat' dir='ltr'>noscimur</span> <span class='ocrx_word' id='word_1_300' title='bbox 871 3628 901 3672; x_wconf 88' lang='lat' dir='ltr'><strong>A.</strong></span> <span class='ocrx_word' id='word_1_301' title='bbox 916 3625 957 3672; x_wconf 87' lang='grc'><strong>68.</strong></span> <span class='ocrx_word' id='word_1_302' title='bbox 969 3652 1003 3662; x_wconf 94' lang='grc'><strong>-</strong></span> <span class='ocrx_word' id='word_1_303' title='bbox 1012 3627 1088 3673; x_wconf 78' lang='lat' dir='ltr'>datur</span> <span class='ocrx_word' id='word_1_304' title='bbox 1105 3630 1181 3676; x_wconf 82' lang='lat' dir='ltr'>ttstu.</span> <span class='ocrx_word' id='word_1_305' title='bbox 1195 3632 1234 3678; x_wconf 88' lang='lat' dir='ltr'>lb.</span> <span class='ocrx_word' id='word_1_306' title='bbox 1249 3658 1289 3669; x_wconf 92' lang='lat'>—</span> <span class='ocrx_word' id='word_1_307' title='bbox 1304 3642 1328 3679; x_wconf 89' lang='lat' dir='ltr'>et</span> <span class='ocrx_word' id='word_1_308' title='bbox 1355 3670 1356 3675; x_wconf 72' lang='grc'>,</span> 
     </span>
    </p>
   </div>
   <div class='ocr_carea' id='block_1_4' title="bbox 186 3696 1327 3893">
    <p class='ocr_par' dir='ltr' id='par_1_35' title="bbox 186 3696 1327 3893">
     <span class='ocr_line' id='line_1_37' title="bbox 186 3696 1327 3757; baseline 0.001 -14"><span class='ocrx_word' id='word_1_309' title='bbox 186 3705 266 3743; x_wconf 83' lang='lat' dir='ltr'>metue</span> <span class='ocrx_word' id='word_1_310' title='bbox 276 3700 307 3745; x_wconf 87' lang='lat' dir='ltr'><strong>T.</strong></span> <span class='ocrx_word' id='word_1_311' title='bbox 326 3700 362 3744; x_wconf 90' lang='lat' dir='ltr'>lb.</span> <span class='ocrx_word' id='word_1_312' title='bbox 374 3723 407 3733; x_wconf 97' lang='lat'>—</span> <span class='ocrx_word' id='word_1_313' title='bbox 419 3696 478 3757; x_wconf 80' lang='lat' dir='ltr'>quo]</span> <span class='ocrx_word' id='word_1_314' title='bbox 495 3699 524 3742; x_wconf 68' lang='lat' dir='ltr'>t&#39;.</span> <span class='ocrx_word' id='word_1_315' title='bbox 541 3698 617 3743; x_wconf 87' lang='lat' dir='ltr'>Codd.</span> <span class='ocrx_word' id='word_1_316' title='bbox 632 3697 689 3754; x_wconf 83' lang='lat' dir='ltr'>aliq.</span> <span class='ocrx_word' id='word_1_317' title='bbox 703 3697 784 3741; x_wconf 83' lang='lat' dir='ltr'>Plum.</span> <span class='ocrx_word' id='word_1_318' title='bbox 798 3722 829 3732; x_wconf 91' lang='lat'><em>-</em></span> <span class='ocrx_word' id='word_1_319' title='bbox 843 3710 917 3756; x_wconf 77' lang='lat' dir='ltr'>quom</span> <span class='ocrx_word' id='word_1_320' title='bbox 930 3697 1021 3742; x_wconf 83' lang='lat' dir='ltr'>Omnes</span> <span class='ocrx_word' id='word_1_321' title='bbox 1036 3699 1094 3746; x_wconf 84' lang='lat' dir='ltr'>mei.</span> <span class='ocrx_word' id='word_1_322' title='bbox 1115 3699 1154 3744; x_wconf 81' lang='lat' dir='ltr'>lh.</span> <span class='ocrx_word' id='word_1_323' title='bbox 1170 3722 1200 3733; x_wconf 97' lang='lat'><em>-</em></span> <span class='ocrx_word' id='word_1_324' title='bbox 1215 3703 1327 3748; x_wconf 66' lang='lat' dir='ltr'>mobilia</span> 
     </span>
     <span class='ocr_line' id='line_1_38' title="bbox 186 3764 1325 3832; baseline 0.002 -19"><span class='ocrx_word' id='word_1_325' title='bbox 186 3770 223 3813; x_wconf 87' lang='lat' dir='ltr'><strong>M.</strong></span> <span class='ocrx_word' id='word_1_326' title='bbox 245 3789 275 3801; x_wconf 95' lang='lat'>-</span> <span class='ocrx_word' id='word_1_327' title='bbox 299 3768 391 3831; x_wconf 75' lang='lat' dir='ltr'>fluxue</span> <span class='ocrx_word' id='word_1_328' title='bbox 413 3767 462 3812; x_wconf 77' lang='grc' dir='ltr'><strong>ΡΑ.</strong></span> <span class='ocrx_word' id='word_1_329' title='bbox 483 3769 517 3818; x_wconf 83' lang='lat' dir='ltr'>(et</span> <span class='ocrx_word' id='word_1_330' title='bbox 538 3765 602 3812; x_wconf 85' lang='lat' dir='ltr'>uude</span> <span class='ocrx_word' id='word_1_331' title='bbox 620 3767 711 3812; x_wconf 86' lang='lat' dir='ltr'>Omnes</span> <span class='ocrx_word' id='word_1_332' title='bbox 734 3764 806 3821; x_wconf 89' lang='lat' dir='ltr'>mei.)</span> <span class='ocrx_word' id='word_1_333' title='bbox 844 3765 885 3811; x_wconf 84' lang='lat' dir='ltr'>tt.</span> <span class='ocrx_word' id='word_1_334' title='bbox 906 3789 940 3799; x_wconf 93' lang='lat'><em>-</em></span> <span class='ocrx_word' id='word_1_335' title='bbox 957 3767 1055 3827; x_wconf 82' lang='lat' dir='ltr'>largiri</span> <span class='ocrx_word' id='word_1_336' title='bbox 1073 3768 1127 3813; x_wconf 87' lang='lat' dir='ltr'><strong>TA.</strong></span> <span class='ocrx_word' id='word_1_337' title='bbox 1149 3789 1181 3804; x_wconf 94' lang='lat'>-</span> <span class='ocrx_word' id='word_1_338' title='bbox 1200 3771 1325 3832; x_wconf 80' lang='lat' dir='ltr'>elargire</span> 
     </span>
     <span class='ocr_line' id='line_1_39' title="bbox 186 3835 924 3893; baseline -0.004 -9"><span class='ocrx_word' id='word_1_339' title='bbox 186 3837 274 3884; x_wconf 79' lang='lat' dir='ltr'>debeat</span> <span class='ocrx_word' id='word_1_340' title='bbox 291 3840 327 3883; x_wconf 91' lang='lat' dir='ltr'><strong>M.</strong></span> <span class='ocrx_word' id='word_1_341' title='bbox 367 3835 408 3883; x_wconf 80' lang='lat'><strong>73.</strong></span> <span class='ocrx_word' id='word_1_342' title='bbox 427 3857 458 3874; x_wconf 91' lang='lat'>-</span> <span class='ocrx_word' id='word_1_343' title='bbox 475 3850 521 3880; x_wconf 82' lang='lat' dir='ltr'>uec</span> <span class='ocrx_word' id='word_1_344' title='bbox 540 3836 590 3882; x_wconf 81' lang='lat' dir='ltr'>ino.</span> <span class='ocrx_word' id='word_1_345' title='bbox 610 3836 663 3881; x_wconf 84' lang='lat' dir='ltr'><strong>RV.</strong></span> <span class='ocrx_word' id='word_1_346' title='bbox 683 3837 720 3880; x_wconf 86' lang='lat' dir='ltr'>lb.</span> <span class='ocrx_word' id='word_1_347' title='bbox 736 3859 769 3870; x_wconf 90' lang='lat'>—</span> <span class='ocrx_word' id='word_1_348' title='bbox 784 3840 871 3893; x_wconf 83' lang='lat' dir='ltr'>putret</span> <span class='ocrx_word' id='word_1_349' title='bbox 888 3835 924 3881; x_wconf 92' lang='lat' dir='ltr'><strong>M.</strong></span> 
     </span>
    </p>
   </div>
   <div class='ocr_carea' id='block_1_5' title="bbox 190 3959 338 3974">
    <p class='ocr_par' dir='ltr' id='par_1_36' title="bbox 190 3959 338 3974">
     <span class='ocr_line' id='line_1_40' title="bbox 190 3959 338 3974; baseline -0.007 0"><span class='ocrx_word' id='word_1_350' title='bbox 190 3959 338 3974; x_wconf 53' lang='grc'>*-</span> 
     </span>
    </p>
   </div>
   <div class='ocr_carea' id='block_1_6' title="bbox 188 4029 1355 4227">
    <p class='ocr_par' dir='ltr' id='par_1_37' title="bbox 188 4029 1355 4227">
     <span class='ocr_line' id='line_1_41' title="bbox 258 4029 1324 4093; baseline 0.003 -12"><span class='ocrx_word' id='word_1_351' title='bbox 258 4036 300 4083; x_wconf 81' lang='grc'><strong>52.</strong></span> <span class='ocrx_word' id='word_1_352' title='bbox 319 4036 479 4093; x_wconf 73' lang='lat' dir='ltr'>inexpertum</span> <span class='ocrx_word' id='word_1_353' title='bbox 499 4036 537 4075; x_wconf 86' lang='lat' dir='ltr'>eet</span> <span class='ocrx_word' id='word_1_354' title='bbox 555 4043 578 4083; x_wconf 80' lang='lat' dir='ltr'>p·</span> <span class='ocrx_word' id='word_1_355' title='bbox 629 4029 671 4075; x_wconf 86' lang='grc'><strong>56.</strong></span> <span class='ocrx_word' id='word_1_356' title='bbox 690 4030 797 4078; x_wconf 78' lang='lat' dir='ltr'>deduxit</span> <span class='ocrx_word' id='word_1_357' title='bbox 814 4034 902 4090; x_wconf 85' lang='lat' dir='ltr'>probat</span> <span class='ocrx_word' id='word_1_358' title='bbox 918 4047 949 4078; x_wconf 85' lang='lat' dir='ltr'><strong>w.</strong></span> <span class='ocrx_word' id='word_1_359' title='bbox 967 4036 991 4079; x_wconf 86' lang='lat' dir='ltr'>in</span> <span class='ocrx_word' id='word_1_360' title='bbox 1010 4035 1100 4080; x_wconf 85' lang='lat' dir='ltr'>Annot.</span> <span class='ocrx_word' id='word_1_361' title='bbox 1138 4033 1182 4081; x_wconf 83' lang='lat'><strong>58.</strong></span> <span class='ocrx_word' id='word_1_362' title='bbox 1204 4038 1324 4085; x_wconf 72' lang='lat' dir='ltr'>loreum·</span> 
     </span>
     <span class='ocr_line' id='line_1_42' title="bbox 188 4095 1323 4162; baseline 0.005 -16"><span class='ocrx_word' id='word_1_363' title='bbox 188 4117 234 4160; x_wconf 87' lang='lat' dir='ltr'>que</span> <span class='ocrx_word' id='word_1_364' title='bbox 255 4116 279 4157; x_wconf 88' lang='lat' dir='ltr'><strong>p.</strong></span> <span class='ocrx_word' id='word_1_365' title='bbox 318 4102 359 4150; x_wconf 86' lang='grc'><strong>65.</strong></span> <span class='ocrx_word' id='word_1_366' title='bbox 379 4103 412 4147; x_wconf 82' lang='lat' dir='ltr'>Et</span> <span class='ocrx_word' id='word_1_367' title='bbox 429 4099 491 4162; x_wconf 86' lang='lat' dir='ltr'>quid</span> <span class='ocrx_word' id='word_1_368' title='bbox 507 4097 623 4151; x_wconf 84' lang='lat' dir='ltr'><strong>erwW.</strong></span> <span class='ocrx_word' id='word_1_369' title='bbox 674 4095 714 4142; x_wconf 93' lang='grc'><strong>66.</strong></span> <span class='ocrx_word' id='word_1_370' title='bbox 733 4100 847 4158; x_wconf 75' lang='lat' dir='ltr'>Discite,</span> <span class='ocrx_word' id='word_1_371' title='bbox 866 4105 892 4148; x_wconf 90' lang='lat' dir='ltr'>io</span> <span class='ocrx_word' id='word_1_372' title='bbox 909 4103 1018 4158; x_wconf 77' lang='lat' dir='ltr'>mirari,</span> <span class='ocrx_word' id='word_1_373' title='bbox 1037 4109 1062 4149; x_wconf 84' lang='lat' dir='ltr'>et</span> <span class='ocrx_word' id='word_1_374' title='bbox 1077 4118 1100 4152; x_wconf 84' lang='lat' dir='ltr'>c.</span> <span class='ocrx_word' id='word_1_375' title='bbox 1119 4119 1142 4150; x_wconf 87' lang='lat' dir='ltr'><strong>r.</strong></span> <span class='ocrx_word' id='word_1_376' title='bbox 1165 4127 1196 4138; x_wconf 92' lang='lat'><em>-</em></span> <span class='ocrx_word' id='word_1_377' title='bbox 1216 4105 1323 4154; x_wconf 82' lang='lat' dir='ltr'>Diacite</span> 
     </span>
     <span class='ocr_line' id='line_1_43' title="bbox 190 4160 1355 4227; baseline 0.013 -23"><span class='ocrx_word' id='word_1_378' title='bbox 190 4173 475 4225; x_wconf 67' lang='lat' dir='ltr'>02‚0m,·„„·‚0‚p,</span> <span class='ocrx_word' id='word_1_379' title='bbox 525 4160 566 4207; x_wconf 85' lang='grc'><strong>68.</strong></span> <span class='ocrx_word' id='word_1_380' title='bbox 586 4168 760 4221; x_wconf 75' lang='lat' dir='ltr'>quammultis</span> <span class='ocrx_word' id='word_1_381' title='bbox 785 4174 880 4227; x_wconf 83' lang='lat' dir='ltr'><strong>rpr.</strong></span> <span class='ocrx_word' id='word_1_382' title='bbox 930 4172 967 4217; x_wconf 84' lang='lat' dir='ltr'>tt.</span> <span class='ocrx_word' id='word_1_383' title='bbox 988 4179 1015 4218; x_wconf 89' lang='lat' dir='ltr'>ut</span> <span class='ocrx_word' id='word_1_384' title='bbox 1033 4172 1160 4220; x_wconf 67' lang='lat' dir='ltr'>undedr.</span> <span class='ocrx_word' id='word_1_385' title='bbox 1222 4174 1267 4227; x_wconf 83' lang='lat'>73.</span> <span class='ocrx_word' id='word_1_386' title='bbox 1289 4202 1355 4219; x_wconf 64' lang='grc'>-,</span> 
     </span>
    </p>
   </div>
   <div class='ocr_carea' id='block_1_7' title="bbox 191 4237 301 4290">
    <p class='ocr_par' dir='ltr' id='par_1_38' title="bbox 191 4237 301 4290">
     <span class='ocr_line' id='line_1_44' title="bbox 191 4237 301 4290; baseline 0.018 -10"><span class='ocrx_word' id='word_1_387' title='bbox 191 4249 237 4280; x_wconf 84' lang='lat' dir='ltr'>nec</span> <span class='ocrx_word' id='word_1_388' title='bbox 255 4237 301 4290; x_wconf 88' lang='lat' dir='ltr'><strong>pP.</strong></span> 
     </span>
    </p>
   </div>
   <div class='ocr_carea' id='block_1_8' title="bbox 0 0 1380 4744">
    <p class='ocr_par' dir='ltr' id='par_1_39' title="bbox 0 0 1380 4744">
     <span class='ocr_line' id='line_1_45' title="bbox 0 0 1380 4744; baseline 0 0"><span class='ocrx_word' id='word_1_389' title='bbox 0 0 1380 4744; x_wconf 95' lang='lat' dir='ltr'> </span> 
     </span>
    </p>
   </div>
  </div>
 </body>
</html>
