2762 4760
32 336 157 421 Quippe
179 335 291 402 videre
313 334 390 400 licet
406 333 619 420 pinguescere
634 356 729 420 saepe
747 334 850 400 cicuta

31 438 225 524 Barbigeras
244 441 403 522 pecudes,
425 435 553 503 homini
574 460 658 524 quae
679 449 726 503 est
743 461 818 504 acre
839 460 1007 506 venenum.

87 543 191 627 Ignea
209 542 335 607 flamma
354 539 481 627 quidem
502 562 599 627 quom
623 562 765 624 corpora
787 541 875 606 fulva
893 542 1021 607 leonum

31 648 106 707 Tam
129 645 235 708 soleat
256 656 385 708 torrere
407 654 503 728 atque
522 664 616 707 urere
641 666 735 730 quam
758 665 856 729 genus
875 666 969 709 omne
1087 647 1150 713 900

30 745 175 810 Visceris
197 746 230 808 in
252 744 349 810 terris
368 749 621 831 quodquonrque
644 759 676 810 et
693 746 858 830 sanguinis
876 758 997 811 exstet:

32 849 93 928 Qui
115 847 189 912 fieri
207 847 335 930 potuit,
357 846 481 929 triplici
504 870 575 911 cum
599 870 742 931 corpore
764 860 798 911 ut
816 870 893 925 una,

33 949 141 1015 Prima
161 951 235 1026 leo,
258 962 422 1033 postrema
443 953 563 1028 maro,
587 951 689 1014 inedia
708 953 776 1034 ipsa
800 950 959 1015 chimaera

33 1054 96 1117 Ore
112 1053 204 1117 foras
226 1074 332 1117 acrem
355 1053 448 1116 flaret
469 1057 506 1117 de
530 1074 673 1137 corpore
697 1053 877 1117 flammam?

88 1155 198 1236 Quare
219 1154 313 1218 etiam
336 1156 450 1219 tellure
472 1177 557 1220 nova
580 1157 734 1241 caeloque
755 1154 894 1232 recenti,
1086 1162 1148 1225 905

32 1257 120 1321 Talia
142 1257 198 1343 qui
216 1257 312 1341 fingit
334 1257 478 1339 potuisse
498 1257 643 1322 animalia
667 1256 779 1342 gigni,

32 1358 131 1424 Nixus
152 1360 186 1423 in
208 1361 274 1423 hoc
294 1380 357 1423 uno
380 1359 534 1424 novitatis
555 1359 683 1425 nomine
700 1359 806 1437 inani,

32 1462 132 1525 Multa
154 1462 232 1525 licet
254 1460 348 1525 simili
368 1461 494 1526 ratione
517 1462 640 1526 effutiat
662 1484 733 1527 ore.

33 1567 137 1629 Aurea
158 1576 226 1628 tum
250 1563 333 1628 dicat
352 1585 411 1644 per
434 1574 537 1627 terras
558 1564 687 1627 flumina
712 1566 815 1651 volgo

33 1666 174 1731 Fluxisse
194 1678 226 1730 et
246 1665 378 1751 gemmis
397 1667 517 1730 florere
539 1669 666 1730 arbusta
690 1672 819 1732 sue‘sse:
1087 1674 1150 1738 910

35 1770 96 1830 Aut
115 1768 276 1833 hominem
298 1780 388 1832 tanto
411 1770 627 1834 membrorum
648 1792 716 1834 esse
735 1770 851 1852 impete
873 1784 999 1851 natum,

35 1872 133 1933 Trans
154 1870 255 1933 maria
277 1871 340 1933 alta
361 1873 477 1954 pedum
502 1870 594 1934 nixus
617 1883 651 1934 nt
671 1876 812 1955 pandere
833 1888 944 1955 posset

35 1973 76 2034 Et
97 1973 240 2036 manibus
260 1984 363 2039 totum
388 1973 507 2036 circum
528 1995 562 2037 se
584 1985 717 2038 vortere
739 1976 873 2039 caelum.

36 2074 128 2151 Nam,
150 2079 240 2161 quod
263 2076 360 2138 multa
381 2076 473 2139 fuere
494 2075 528 2138 in
550 2074 648 2139 terris
668 2075 788 2140 semina
810 2099 935 2154 rerum,

37 2179 193 2259 Tempore
216 2200 281 2262 quo
303 2177 442 2260 primum
463 2177 556 2241 tellus
579 2176 727 2240 animalia
749 2177 849 2254 fudit,
1086 2185 1148 2249 915

36 2277 88 2340 Nil
106 2289 209 2344 tamen
232 2291 280 2343 est
301 2279 385 2364 signi
407 2279 522 2343 mixtas
542 2279 685 2362 potuisse
709 2280 814 2344 creari

34 2517 122 2572 puerili
138 2531 200 2562 uene
212 2517 323 2581 florento
340 2519 412 2563 Viud.
427 2521 487 2563 Ver.
499 2520 561 2563 Ven.
580 2519 684 2575 (puerili
702 2531 761 2562 aeon
774 2517 900 2580 florentes
918 2519 1014 2578 Brix.);
1035 2523 1094 2567 unde
1105 2524 1148 2567 W.

36 2586 241 2649 volebstfloruto‚
256 2588 398 2632 vocabulum
412 2588 490 2632 nihili.
510 2612 543 2622 —
558 2590 649 2646 pueris
668 2601 726 2633 aeuo
739 2587 848 2651 florente
862 2590 953 2633 ism-fl.
991 2587 1050 2635 887.
1065 2589 1151 2654 Officii

36 2668 84 2700 eum
95 2658 147 2701 eliis
160 2657 221 2701 Cdd.
236 2658 307 2702 etism
321 2657 350 2702 G.
364 2657 396 2701 E.
410 2659 484 2702 Wnk.
503 2657 625 2712 „Obstnt‚
642 2658 775 2712 interponit
792 2671 819 2702 se
839 2659 915 2702 levoni
933 2662 1075 2716 generuin.”
1093 2661 1150 2706 lude

36 2725 172 2770 abAvnncio
190 2726 314 2771 ediderunt
325 2724 439 2785 occipit,
458 2729 521 2785 quod
534 2727 703 2771 Lucretianum
720 2741 767 2771 non
784 2732 835 2772 est:
856 2728 898 2771 illo
914 2727 1052 2785 frequenter
1065 2730 1149 2775 utitur.

37 2791 90 2839 890.
104 2794 202 2840 rabidis
213 2796 384 2842 Heius.Bentl.
393 2798 455 2841 coni.
464 2798 506 2841 W.
521 2795 620 2854 rapidis
634 2795 710 2840 codd.
718 2797 779 2841 End.
790 2811 872 2841 omnes
880 2801 933 2842 unte
941 2798 983 2843 W.
1022 2796 1081 2844 391.
1089 2813 1150 2856 per·

30 2861 116 2924 finiunt
130 2878 159 2909 ex
177 2879 225 2909 uno
239 2865 299 2910 Coei.
311 2867 352 2911 W.
381 2866 463 2913 Ceteri
483 2866 580 2923 (Ml.)
596 2865 657 2910 Edd.
672 2869 730 2910 vett.
751 2864 906 2928 proficiunt,
930 2868 991 2912 unde
1010 2868 1152 2925 proliciunt
1185 2856 1190 2867 ’

36 2933 135 2979 Turneb.
148 2934 180 2979 L.
195 2935 225 2978 ll.
240 2932 380 2997 perficiunt
396 2937 488 2982 roboro
509 2937 602 2993 explica
620 2950 674 2979 eum
692 2935 766 2979 Wnls.
786 2938 836 2989 „nd
856 2933 927 2982 finem
946 2938 1047 2991 ducunt,
1072 2938 1105 2981 ils
1126 2942 1152 2981 ut

36 3008 145 3060 nequeant
160 3005 303 3063 progredi.”
350 3002 409 3052 899.
428 3006 498 3051 Brix.
514 3004 591 3067 Igm‘o
608 3005 699 3066 (Ignea
712 3008 756 3052 An.
772 3002 817 3060 P.)
830 3004 939 3067 flamma
958 3004 1057 3064 quidem
1077 3020 1151 3066 quom

36 3085 134 3130 corpora
151 3094 187 3104 —
204 3074 311 3120 omisso:
331 3088 398 3121 uero.
426 3077 453 3120 ln
471 3075 516 3120 Cd.
534 3076 565 3120 E.
579 3078 639 3122 Ver.
656 3077 719 3119 Veu.
736 3075 803 3119 deest
820 3080 844 3119 et
861 3072 942 3133 Ignea
957 3080 981 3119 et
995 3087 1067 3128 uero,
1088 3076 1152 3132 qnod

36 3149 150 3198 comperet
167 3144 216 3187 isin
233 3158 272 3199 ep.
290 3144 353 3189 lnut.
374 3147 481 3190 etnim:
500 3143 614 3189 Flamma
632 3143 731 3204 quidem
750 3156 807 3187 oeno
826 3156 898 3202 quom
916 3157 1025 3201 corpora
1035 3139 1112 3202 sulen
1130 3144 1150 3187 l.

36 3212 102 3257 Vides
116 3219 243 3270 utruiuque
257 3227 310 3258 esse
324 3227 354 3259 ex
370 3217 448 3271 suppl.
468 3215 544 3258 Immo
554 3213 660 3258 Criticus
669 3214 693 3257 in
709 3213 817 3271 margine
829 3213 860 3256 E.
874 3213 970 3257 tertium
983 3213 1152 3268 pravissimum

35 3284 140 3335 protulit:
159 3280 277 3327 Flamma
295 3281 393 3343 quidem
404 3281 491 3344 febris
507 3297 580 3344 quom
595 3298 618 3328 c.
627 3279 658 3342 f.
671 3283 690 3330 l.
708 3282 793 3327 Lectio
808 3287 888 3327 aulem
903 3282 972 3326 Brix.
990 3295 1062 3339 quum
1074 3282 1151 3340 magis

36 3352 120 3404 pn'e'ticn
141 3353 280 3407 videretur,
301 3355 414 3412 languere
429 3359 513 3399 contra
528 3354 591 3397 istud
609 3366 681 3408 sero,
703 3353 769 3396 ittam
784 3354 827 3397 etsi
842 3352 958 3397 incertam
982 3354 1149 3407 praetulimus.
1202 3385 1205 3391 .

36 3418 80 3465 Nee
95 3435 152 3467 vero
168 3425 232 3466 male
246 3423 396 3478 Pomponius
410 3425 499 3469 Laetus
516 3424 539 3467 in
556 3422 601 3470 Cd.
617 3423 662 3468 C.:
690 3420 778 3466 Ardua
791 3420 899 3484 flnrnmn
918 3420 1017 3481 quidem
1035 3435 1108 3481 quom
1126 3435 1151 3466 c.

31 3485 87 3546 [Λ.
105 3492 209 3537 Possum
223 3494 295 3536 etiam
308 3494 446 3540 coniicere:
465 3490 571 3538 Fer-sidu
584 3492 692 3556 flemme
711 3497 757 3537 cet.
777 3497 802 3535 ut
819 3492 882 3550 infra
899 3505 923 3535 u.
941 3489 1017 3537 1998.
1032 3490 1153 3554 flammai

31 3554 139 3616 fervidus
164 3559 252 3607 ardor.
309 3560 368 3609 903.
398 3563 435 3608 Ex
457 3564 515 3621 aliq.
540 3562 616 3607 cour.
640 3563 721 3618 (etiam
737 3560 780 3614 E.)
804 3562 845 3606 W.
867 3560 961 3604 Eichst.
983 3560 1074 3605 medio.
1105 3563 1152 3605 Sed

38 3629 99 3690 11,ζ,
119 3629 178 3676 181.
199 3631 298 3676 Hesiodi
310 3634 404 3692 Theog.
418 3629 477 3677 323.
491 3625 604 3699 πρόσθε
617 3630 709 3686 λέων,
729 3623 834 3680 ὄπιθεν
852 3625 883 3678 δὲ
900 3624 1032 3697 δράκων,
1051 3628 1152 3693 μέσση

36 3694 63 3746 δὲ
79 3698 217 3770 χίμαιρα,
243 3696 341 3752 δεινὸν
358 3697 563 3753 ἀποπνείουσα
581 3695 676 3770 πυρὸς
692 3698 782 3763 μένος
799 3693 987 3762 &montuoso
1036 3696 1095 3744 901.
1116 3700 1153 3743 lta

37 3768 63 3811 Α.
76 3769 103 3814 1..
117 3771 146 3814 Η.
168 3768 219 3813 Ore
224 3767 302 3827 ferne
316 3773 392 3817 Codri.
408 3769 432 3820 3.
447 3773 509 3816 Edd.
520 3779 578 3818 vett.
590 3772 635 3814 An.
647 3770 677 3814 P.
704 3767 754 3812 Ore
766 3766 859 3826 ferens
879 3769 939 3812 Cod.
960 3783 1030 3813 unus.
1052 3767 1153 3824 (Horri-

32 3832 101 3893 serue
117 3841 202 3890 alius.)
221 3837 361 3900 Orsserox
378 3844 474 3887 tertius.
507 3843 577 3888 Petet
594 3840 730 3896 posteriora
748 3839 811 3897 naec,
826 3839 906 3882 oirinia
925 3852 954 3883 ex
967 3839 1152 3892 interpolatione

39 3919 100 3965 esse3
118 3924 193 3968 neque
218 3915 270 3956 erat
294 3925 337 3955 eur
358 3913 432 3957 Wnk.
452 3911 546 3956 Eichst.
566 3924 610 3956 suo
626 3910 717 3953 calculo
733 3909 865 3964 probarent
872 3905 956 3965 servx
964 3939 970 3962 ι
992 3922 1063 3964 (19ιῙΙΙΙ
1073 3904 1122 3967 s⁰''
1123 3921 1153 3950 ‘¹⁸

38 3973 140 4023 Lucretio
163 3981 188 4024 i„
211 3980 304 4024 deficiis
322 3983 368 4036 m,
392 3976 601 4037 (6‚1153.cet.)
620 3981 740 4038 iungisque
760 3979 909 4034 corruptioni
928 3977 1057 4021 obnoxium
1077 3976 1153 4020 fuisse

39 4045 136 4091 videntur
153 4046 325 4109 quninserox.
350 4051 395 4107 (E.
410 4065 424 4094 a
437 4064 475 4106 pr·
489 4044 673 4110 tn·.0r⁶s⁶¹'“⁸
689 4045 780 4107 [Slc‘lue
794 4046 852 4106 C.],
875 4062 889 4091 ³
908 4061 958 4091 ⁵⁰⁰·
980 4041 1155 4102 onfmm')

40 4113 73 4156 lt·
90 4113 187 4177 effloret
201 4121 231 4165 L.
247 4120 276 4164 11.
307 4120 343 4165 lb.
358 4120 509 4179 (depectere
523 4120 579 4179 W.)
617 4118 794 4168 912.1ian0u.
811 4131 880 4162 unius.
896 4116 939 4159 AV·
950 4112 1047 4171 1109991
1048 4127 1060 4156 ⁶
1074 4113 1150 4157 ⁶⁰99·

40 4182 93 4231 Eud.
105 4193 161 4234 vett.
187 4203 281 4247 ponere
295 4192 325 4238 Α.
340 4191 370 4238 Ι..
384 4192 414 4236 Η.
