2762 4760
348 907 534 984 EDITOR
567 906 895 986 LECTORIBUS.

127 1246 235 1333 Quum
253 1249 419 1332 Gymnasii
434 1220 657 1316 Turicensium
672 1249 819 1317 Caroliui
838 1252 904 1316 hoe
922 1249 964 1315 sit
983 1247 1175 1328 institutum,

63 1364 101 1418 ut
121 1352 156 1418 in
174 1352 272 1417 classe
289 1351 490 1438 philologica
508 1351 709 1439 eloquentiae
725 1353 895 1437 professor
915 1373 974 1418 suo
995 1374 1037 1419 ex
1053 1352 1175 1420 iudicio

62 1460 235 1541 poir'tarurn
257 1456 448 1523 Latinorum
474 1456 528 1521 vel
547 1457 641 1524 locos
660 1458 797 1524 selectos
816 1457 869 1522 vel
889 1456 1016 1544 integra
1035 1457 1176 1523 earmina

62 1570 223 1644 exponat,
259 1559 374 1645 quibus
399 1557 520 1624 scholis
549 1558 701 1624 interesse
729 1559 834 1625 solent
854 1581 872 1625 e
892 1558 1026 1647 reliquis
1046 1581 1176 1647 quoque

64 1660 219 1725 classibus
246 1661 410 1726 auditores
439 1660 630 1737 voluntarii,
666 1672 742 1745 post
765 1660 917 1728 Ovidium
936 1659 1175 1748 Virgiliumque

64 1763 98 1827 in
119 1761 274 1847 Collegio
295 1761 500 1826 humanitatis
520 1761 648 1828 domive
669 1762 846 1848 perlectos,
872 1762 919 1827 uti
938 1762 1083 1846 postulat
1102 1783 1176 1826 usus

64 1876 97 1929 et
118 1864 224 1942 ratio,
247 1867 287 1928 ad
300 1863 474 1930 Horatium
493 1864 670 1940 accessuri,
694 1863 770 1929 satis
793 1864 926 1950 cognito
948 1867 1014 1929 boo
1034 1863 1175 1929 onmium

62 1966 210 2050 principe
233 1966 375 2050 optabile
397 1988 471 2031 saue
490 1977 575 2043 erat,
597 1978 633 2030 nt
651 1965 800 2049 deinceps
818 1969 859 2030 ad
877 1976 1058 2031 ceterorum
1080 1963 1176 2030 etiam

61 2061 234 2134 lectionem
254 2068 418 2152 paullatim
435 2071 701 2152 perducerentur.
744 2067 873 2134 Etenim
887 2067 936 2133 illi
950 2088 1097 2154 quoque,
1120 2067 1177 2154 qui

61 2173 176 2234 barum
196 2170 361 2235 literarum
381 2170 523 2257 ingenuo
544 2192 654 2239 amore
676 2171 763 2255 capti
783 2182 909 2236 strenue
929 2192 967 2234 ac
989 2180 1103 2253 sponte
1120 2191 1177 2234 sua

62 2273 106 2337 iis
127 2294 258 2357 operam
278 2276 354 2338 dare
376 2285 530 2359 pergunt,
553 2273 647 2341 noris
666 2272 817 2350 subinde,
840 2295 880 2340 ue
895 2282 997 2337 cesset
1011 2271 1175 2348 voluntas,

58 2375 223 2441 illecebris
242 2375 400 2441 retinendi
422 2375 583 2442 videntur.
627 2378 755 2442 Horum
777 2373 878 2461 igitur
896 2372 1075 2440 commodis
1095 2394 1176 2457 prn-

46 2476 198 2572 'spiciens
225 2477 368 2542 libellum
390 2476 589 2545 auditoribus
610 2479 689 2544 meis
710 2479 895 2543 tradendum
921 2474 1046 2552 censui,
1080 2474 1170 2539 cuius

59 2580 183 2666 exiguo
215 2579 378 2646 volumine
414 2583 762 2665 comprehenderentur
796 2578 989 2644 Latinorum
1022 2579 1173 2661 poemata

60 2679 298 2768 elegantissima
309 2704 453 2770 quaeque
463 2693 494 2749 et
504 2683 652 2768 publicae
663 2680 921 2766 interpretationi
931 2701 1024 2767 quam
1036 2678 1173 2744 maxime

61 2794 152 2868 apta·
196 2786 261 2849 Sed
282 2783 317 2849 id
337 2806 467 2873 quoque
483 2789 688 2871 spectandum
702 2797 788 2862 erat,
810 2794 844 2847 ut
859 2804 939 2867 quae
955 2780 1173 2866 collegissem,

59 2884 203 2970 speciem
221 2890 377 2973 quandam
398 2888 565 2953 universae
584 2898 714 2973 praeter
730 2885 888 2952 scenicam
910 2887 994 2968 apud
1008 2886 1174 2950 Romanos

59 2991 204 3072 poeseos
224 2987 414 3054 exhiberent
435 3001 468 3055 et
489 2992 530 3056 ad
551 2989 676 3077 reliqua
695 2989 836 3057 eiusdem
862 2998 1062 3052 monumenta
1085 2996 1173 3051 recte

59 3088 268 3175 intelligenda
296 3090 381 3156 viam
406 3096 545 3178 quodam
576 3096 675 3160 modo
696 3092 860 3158 munirent
879 3088 1174 3168 bonarumartium

61 3191 227 3256 studiosis.
270 3195 393 3258 Verum
415 3215 486 3260 meo
507 3181 730 3279 prn'cousilio
751 3194 859 3277 paullo
882 3193 988 3271 aliteri,
1029 3204 1118 3267 roam
1139 3189 1173 3253 in

61 3292 282 3359 huiuscemodi
300 3295 513 3382 Antbologiis
533 3296 604 3362 fieri
623 3318 717 3380 saepe
738 3295 899 3371 videmus,
922 3278 1065 3363 versalliis
1083 3314 1170 3367 sum3

60 3394 90 3458 si
109 3393 237 3480 quidem
259 3395 451 3462 lectionibus
470 3397 549 3482 ipsis
571 3398 731 3464 reservari
753 3401 926 3473 debebant,
962 3415 1042 3482 quae
1062 3393 1114 3457 rel
1133 3397 1172 3458 ad

61 3497 302 3580 grammaticam
330 3498 627 3584 interpretationem
655 3503 709 3567 vel
736 3505 777 3566 ad
792 3504 974 3585 portuum
996 3508 1095 3562 artem
1117 3500 1172 3561 de-

60 3602 298 3664 monstrandam
329 3602 464 3686 proprie
491 3603 705 3686 pertinereut3
741 3615 807 3668 tum
835 3600 1018 3687 significare
1045 3599 1171 3683 potius,

60 3721 157 3785 quam
178 3701 346 3768 enucleare
376 3717 619 3771 cousentaneum
641 3717 710 3770 erat
735 3728 788 3769 res
813 3702 1050 3788 mythologicas
1078 3713 1172 3787 atque

59 3799 249 3879 historicas,
272 3815 324 3882 ut,
347 3829 444 3892 quum
466 3807 648 3873 accuratior
668 3830 773 3874 earnm
796 3804 958 3890 expositio
979 3827 997 3869 a
1016 3803 1171 3888 magistro

57 3914 141 3967 esset
162 3911 348 3988 repetenda,
385 3909 555 3977 memoriae
585 3923 689 3976 tamen
719 3911 914 3997 aliquatenus
935 3906 1171 3973 subveniretur.

57 4004 125 4070 Ubi
148 4028 228 4073 vero
254 4009 363 4092 plures
384 4011 475 4077 unius
498 4012 564 4080 loci
582 4013 863 4098 interpretationes
885 4020 1063 4086 exstarent,
1085 4029 1170 4082 eams

58 4128 139 4190 quae
158 4109 270 4175 verior
290 4111 369 4176 mihi
391 4113 461 4180 visa
484 4127 582 4193 esset,
605 4127 658 4182 aut
680 4119 719 4180 ab
741 4115 811 4181 aliis
830 4127 988 4198 repertam
1011 4122 1064 4174 aut
1086 4128 1171 4171 ame

56 4207 131 4291 ipso
154 4211 371 4296 excogitatam
391 4214 534 4284 indicare
556 4241 632 4286 raro
647 4220 791 4305 neglexi,
814 4239 854 4282 ne
872 4214 965 4280 nimis
983 4214 1172 4279 fluctuarent
