2736 4748
171 211 272 280 lut

204 370 281 455 Ipse
301 378 406 435 rotam
429 361 606 450 adstringit
620 361 724 428 mrilto
743 359 918 428 sufflamine
940 362 1074 428 consul:

201 475 310 538 Nocte
332 464 477 555 qnidlam3
500 469 558 531 aed
578 466 652 529 luna
674 465 778 542 videt,
801 466 860 528 sed
881 464 984 528 sidera
1007 475 1105 555 testes

201 574 378 640 Intenduat
398 570 524 635 oeulos.
567 563 709 632 Finitnm
730 577 855 648 tempus
876 565 1011 630 honoris
1044 576 1047 597 ³

204 675 314 756 Quom
336 671 452 746 suerit,
476 668 561 733 clara
576 664 764 732 Lateranus
778 667 859 731 luce
879 666 1042 750 flagellum

202 778 314 840 Sumet
335 785 367 838 et
389 773 565 838 oeeuesum‘
579 788 740 854 nunqnam
761 767 933 852 trepidabit
954 766 1050 832 amici
1089 778 1111 821 .·'·

202 858 272 943 Iam
295 874 381 939 senis
403 892 441 937 ao
461 872 554 956 virga
576 870 669 954 prior
691 880 808 934 annuet
830 880 927 953 atque
949 869 1105 952 maniplos

203 978 318 1043 Solvet
341 986 372 1039 et
392 973 539 1058 infundet
558 969 705 1036 iumentis
727 973 848 1034 hordea
870 969 974 1036 lasaisa

200 1080 346 1163 Interea,
370 1078 444 1141 dum
464 1077 586 1139 lanatas
606 1074 787 1155 robumque
808 1071 978 1136 iuvencum

196 1180 302 1246 More
323 1180 449 1243 Numae
470 1175 573 1241 caedit
594 1174 685 1238 Iovis
708 1185 780 1241 ante
802 1173 933 1249 altaria,
957 1173 1040 1237 iurat
1128 1205 1158 1215 ··

201 1281 312 1346 Solam
334 1282 482 1362 Eponam
504 1286 537 1341 et
556 1276 654 1342 saeies
677 1274 763 1340 olida
785 1279 825 1339 ad
847 1276 1017 1357 praesepia
1037 1275 1157 1358 pietas.

201 1384 286 1459 Sed,
309 1401 407 1466 quom
427 1376 604 1463 perrigssea
625 1377 732 1460 placet
753 1377 930 1441 instaurare
952 1377 1108 1459 popinas,

202 1483 330 1550 Obvius
352 1481 485 1562 assiduo
504 1478 732 1562 Syrophoenix
753 1481 835 1541 udus
857 1498 983 1542 amomo
1054 1510 1069 1539 ,-

200 1583 334 1660 Currit,
358 1584 528 1654 Idumaeae
550 1579 780 1663 Syrophoenix
800 1579 904 1644 ineola
926 1591 1066 1661 portae,

193 1684 351 1769 Hospitis
373 1684 489 1746 affeetu
510 1682 670 1746 dominum
691 1701 873 1766 regemque.
888 1682 1005 1744 salutat

199 1783 339 1854 Etcum
361 1783 465 1848 venali
489 1782 601 1863 Cyane
622 1783 784 1847 succincta
805 1782 933 1866 lagena.

240 1886 405 1952 Defensor
426 1885 540 1969 eulpae
562 1883 646 1948 dieet
666 1884 760 1948 mihi:
784 1883 955 1958 „Fecimus
977 1895 1009 1951 et
1030 1905 1094 1950 nos
1139 1876 1153 1892 '

198 1989 293 2055 Haeo
312 1984 478 2052 iuvenes.'’
516 1988 617 2054 Esto.
659 1985 782 2050 Desisti
803 2006 916 2067 nempe
938 2006 997 2047 nee
1018 1988 1104 2050 ultra

198 2089 329 2159 Fovieti
351 2108 509 2153 errorem.
553 2088 661 2152 Breve
682 2086 741 2164 sit,
766 2088 853 2171 quod
874 2088 1012 2169 turpiter
1034 2089 1146 2157 audes.

189 2190 362 2273 Quaedam
385 2210 465 2253 eum
480 2187 582 2272 prima
603 2197 789 2252 resecantur
811 2188 943 2251 urhnina
965 2190 1086 2266 harha;

196 2290 335 2376 Indulge
357 2288 635 2372 veniam.'pueriss
658 2290 838 2354 Lateranus
861 2291 901 2353 ad
922 2290 996 2355 illos

197 2393 415 2457 Thermarum*
432 2389 789 2475 ealiees.inseriptaque
812 2390 908 2455 lintea
931 2392 1036 2471 vadit,
1099 2404 1104 2412 ’
1260 2438 1268 2445 -

203 2574 208 2579 ,
270 2531 330 2581 149.
355 2538 451 2590 „laetae
470 2534 538 2578 trahe
559 2534 631 2579 simul
649 2534 678 2578 ad
695 2533 784 2579 lunam
803 2541 828 2580 et
844 2533 958 2581 aedera!
980 2536 1011 2585 0.
1034 2535 1064 2581 Ε.
1087 2536 1223 2585 Weherus.
1265 2537 1328 2587 152.

198 2603 343 2662 „coniunge
357 2615 488 2661 uunquam
505 2604 558 2647 iam
575 2601 737 2660 trepidabat?
761 2603 793 2649 G.
815 2605 845 2649 E.
868 2604 999 2650 Weber-us.
1042 2606 1103 2650 Mihi
1124 2609 1224 2652 videtur
1242 2612 1329 2664 potina

187 2662 358 2731 ”significan-ez·
380 2672 502 2716 excusatio
528 2672 581 2720 seil.
610 2672 689 2730 aliqua
718 2673 740 2716 ei
770 2678 854 2728 parata
880 2679 959 2728 esset,
974 2715 977 2722 ,
990 2674 1011 2719 ai
1040 2675 1120 2718 minas
1143 2688 1199 2733 enm
1225 2666 1329 2732 puderet

195 2742 271 2801 arniei
291 2741 407 2802 iuuenia3v
430 2741 472 2784 sed
499 2740 522 2784 id
550 2753 667 2789 autumem
687 2741 874 2797 indignationem
902 2746 999 2795 moret.
1031 2745 1095 2799 quod
1115 2745 1285 2799 impudentem
1302 2761 1329 2799 sa

197 2811 263 2868 gerit
279 2823 361 2855 eoram
385 2808 468 2853 amieo
486 2808 538 2855 inm
555 2820 625 2853 aene.
674 2810 796 2856 Martialis
827 2809 857 2864 8,
886 2808 927 2854 18.
954 2810 1000 2855 tibi
1029 2817 1116 2856 tautae
1139 2813 1208 2857 ineat
1233 2804 1329 2869 velaria

195 2883 327 2937 reapeetua
350 2877 436 2921 amici.
491 2874 550 2922 162.
569 2889 693 2935 nuaqnem
709 2877 761 2923 EF.
810 2877 868 2925 155.
888 2878 1021 2938 nodumque
1039 2881 1170 2925 iuuencum
1191 2884 1211 2926 i.
1236 2898 1279 2936 e..
1300 2895 1329 2935 en

196 2949 294 3004 antiqua
311 2946 463 2990 sacerdotum
482 2945 600 3001 formula,
618 2941 715 3003 rusum.
737 2947 821 2992 Laelio
834 2946 933 2992 debetne
956 2949 1038 2994 Selrol.
1061 2950 1224 3007 sangallensi.
1265 2952 1329 3005 Vide

196 3015 465 3061 omuinocrameram.
509 3014 603 3059 voeah.
631 3014 693 3059 haud
715 3017 863 3062 intellectura
884 3017 944 3060 nlaiit
960 3018 985 3060 ia
1005 3017 1176 3076 probumque,
1195 3015 1330 3076 saroam

186 3078 258 3145 que,
278 3090 420 3141 toruumque
438 3079 484 3140 (aie
498 3083 546 3127 mei
568 3087 678 3139 septem,
698 3087 722 3128 et
740 3085 841 3146 Vulgo).
879 3085 957 3131 Etiam
972 3086 1076 3130 denotas
1097 3086 1205 3131 estsere
1226 3101 1260 3132 ex
1275 3102 1329 3133 ser·

196 3166 269 3198 mone
292 3150 437 3210 pontificali,
468 3165 540 3209 quum
562 3152 587 3196 in
616 3152 683 3196 Aetia
707 3152 812 3199 fratrum
842 3154 966 3198 Arvalium
995 3167 1067 3210 saepe
1100 3163 1329 3201 commemorentur

195 3221 368 3271 uenunces
386 3219 571 3267 neumausi.
615 3217 675 3266 157.
692 3220 778 3266 notam
800 3224 842 3280 (r.
869 3222 962 3278 paretis
981 3223 1042 3266 rnna
1060 3221 1160 3278 ponera)
1176 3212 1329 3286 Hippana

196 3289 248 3335 CF.
267 3290 316 3333 Alii
333 3287 474 3345 Hipponem
494 3290 601 3346 legentes
619 3291 732 3335 omittant
747 3290 843 3336 Solem.
891 3291 938 3336 Sed
960 3292 989 3336 de
1006 3289 1095 3349 Epona
1119 3293 1162 3343 dea
1186 3306 1328 3349 equorum,

195 3359 321 3403 asinorum
332 3389 338 3412 ,
350 3357 508 3402 stabulorum
519 3371 547 3402 ae
561 3359 693 3403 mulionum
704 3362 816 3415 praeside
834 3361 893 3409 satia
905 3363 998 3403 constat
1014 3373 1044 3405 ex
1058 3360 1128 3414 apat.
1147 3361 1209 3410 Mel.
1233 3359 1262 3407 ³.
1284 3359 1329 3423 97.

195 3427 289 3473 Minue.
308 3427 362 3472 net.
380 3425 467 3474 ,Oetam
490 3423 533 3471 26.
552 3464 554 3469 ,
581 3427 685 3477 Tertull.
709 3428 782 3484 Apol.
804 3427 846 3474 16.
866 3431 912 3479 eal.
932 3433 1002 3486 atqua
1026 3429 1251 3488 luseriptioaihus;
1278 3431 1327 3489 εὴ,

192 3495 222 3545 a‘a
239 3497 324 3552 primis
342 3496 465 3541 Heinsinm
477 3497 506 3540 ad
516 3495 634 3540 Pendeat.
651 3510 675 3552 p.
691 3493 733 3542 66.
748 3512 802 3543 eum
817 3498 890 3554 Add.;
904 3510 954 3541 aon
968 3498 1035 3551 item,
1053 3503 1133 3542 utram
1150 3497 1238 3542 eadem
1251 3499 1329 3544 fuerit

196 3579 265 3612 eum.
278 3563 392 3622 Hipapone
418 3566 456 3609 vel
481 3561 621 3621 Hippone,
649 3578 679 3609 au
708 3568 813 3612 diversa.
862 3567 957 3612 Novum
981 3567 1066 3611 deinde
1092 3570 1162 3622 atque
1184 3567 1328 3612 inauditam

193 3631 348 3693 laqueasse,
370 3647 484 3690 equorum
507 3635 677 3692 asinorumque
696 3637 754 3681 deae
773 3650 859 3681 nornen
877 3636 901 3679 ln
925 3635 1076 3693 imaguncula
1091 3636 1173 3678 Strauit
1192 3648 1220 3680 a.
1246 3634 1326 3682 1807.

194 3706 266 3749 erola
283 3703 403 3758 reperisse
422 3703 468 3746 sihi
487 3704 553 3747 visus
571 3708 609 3748 est
626 3703 771 3761 Cattaneus3
790 3706 833 3750 aad
851 3704 975 3759 Giampiua
996 3701 1031 3761 (in
1049 3700 1188 3747 Biblioteen
1206 3702 1328 3749 Italiam

194 3771 270 3819 Toni.
290 3769 549 3831 luttemarsuamm
565 3773 625 3827 ivit,
653 3785 697 3827 pro
715 3770 827 3831 Equea'ue
838 3767 839 3770 '
849 3774 975 3831 legendnm
989 3771 1065 3817 fuisse
1085 3770 1195 3829 Equetea
1218 3772 1327 3829 harhara

194 3838 375 3896 seriptumpro
390 3836 505 3897 Equites.
545 3837 603 3885 160.
614 3840 742 3889 <Idumaea
758 3847 834 3898 portu
851 3842 945 3887 diverse
963 3841 1107 3896 exponitur:
1135 3838 1160 3894 1)
1179 3846 1272 3895 portas
1288 3842 1327 3885 vel

194 3908 330 3962 emporium
351 3909 447 3965 aliquod
464 3910 539 3964 ipsius
553 3909 697 3964 Idumaeae,
717 3916 801 3956 eontra
822 3910 1018 3955 consuetudinem
1033 3908 1160 3966 loquendi,
1178 3921 1246 3964 quae
1269 3923 1330 3965 per·

192 3977 298 4033 apieitnr
324 3991 354 4037 ex
380 3979 434 4021 loeo
457 3977 532 4021 Plinii
559 3977 590 4020 ll.
614 3977 645 4023 lt.
670 3976 704 4034 5,
735 3977 760 4025 7.
807 3977 910 4023 Taurus
937 3977 980 4022 udi
997 3975 1106 4021 dehiaea't
1123 3989 1198 4034 seque
1215 3978 1328 4035 populis

194 4045 296 4102 “Pm'ls
319 4051 452 4103 portarum
470 4046 669 4090 tomenvnoma'ne
687 4047 808 4091 murram
824 4046 876 4092 aila·
892 4046 1042 4101 vindicam,
1067 4058 1131 4105 quoe
1148 4044 1215 4088 atior·
1234 4046 1329 4091 Arme·

195 4113 269 4165 ”ms
299 4114 363 4157 01101
379 4108 501 4169 (laepia,
530 4108 592 4152 alibi
609 4107 713 4154 Ciliciae
730 4121 859 4163 uocantur.
907 4114 933 4167 2)
952 4120 977 4158 ut
996 4119 1074 4172 porta
1096 4111 1228 4172 significae„
1243 4115 1330 4160 locam

195 4182 323 4233 pervium,
352 4181 377 4224 h.
395 4181 413 4224 l.
437 4178 541 4230 epitheto
561 4175 680 4220 Idumaea
697 4182 821 4238 adiuncto,
840 4198 923 4230 areum
946 4184 1115 4240 triumphalem
1133 4181 1201 4236 liti,
1224 4185 1257 4229 de
1277 4197 1327 4240 qao

197 4246 249 4290 vida
274 4242 375 4293 Nardiai
397 4242 476 4289 aaran
496 4243 601 4298 antece,
628 4245 666 4290 ed.
686 4243 775 4304 Nihhy.
795 4251 826 4298 Τ.
843 4253 864 4299 l.
883 4265 909 4309 p.
937 4249 998 4299 305.
1043 4253 1095 4298 Pro
1111 4250 1213 4310 currit,
1235 4256 1327 4299 earm
