2736 4748
1091 193 1153 257 261

39 352 101 413 IX.
129 350 169 412 P.
189 345 334 431 Virgilii
350 348 511 413 Maronis
532 349 580 411 ad
596 351 775 414 Venerem.
796 347 957 429 Tlh'nthol.
975 351 1019 414 L.
1037 350 1067 414 1.
1085 350 1153 429 63.)

41 458 75 521 Si
93 457 168 520 mibi
189 468 372 539 susceptum
393 457 492 521 luerit
514 461 686 522 deotsrrere
708 480 840 535 mutnus,

100 561 130 624 Ο
154 560 311 640 Paphon,
336 579 357 622 o
378 561 469 622 sedes
492 579 573 642 quae
595 560 677 623 colis
698 559 840 639 Idaliam*
934 600 938 613 ««

41 663 160 722 Troius
185 661 314 723 Aeneas
335 661 481 723 Romana
503 681 561 743 per
583 661 700 743 oppida
723 661 822 745 digno

99 764 168 824 lam
190 765 317 825 tandem
340 772 374 824 nt
395 772 499 824 tecum
520 761 660 826 carmine
684 773 795 826 vectus
818 774 887 826 eat:

38 865 111 935 Non
134 885 198 947 ego
220 875 292 925 tune
315 866 412 927 tundo
434 875 487 925 ant
507 863 592 945 picta
614 875 668 926 tua
690 865 806 946 templa
828 866 944 929 tabella
1133 872 1152 934 5

100 966 236 1029 Ornabo
260 976 312 1028 aut
333 963 421 1046 puris
443 976 527 1027 serta
549 965 650 1028 fenam
673 965 836 1028 manibus:

39 1066 200 1150 Corniger
222 1068 281 1129 bos
304 1066 385 1128 aries
406 1064 547 1144 humilis,
569 1078 601 1130 et
624 1065 758 1130 maxima
781 1079 892 1131 taurus

99 1169 237 1230 Victima
261 1179 385 1231 sacrato
408 1167 511 1251 tinget
531 1170 656 1233 bonore
676 1169 787 1244 locos3
897 1211 901 1221 »

39 1271 305 1352 Mmmoreusque
327 1269 403 1344 tibi,
429 1271 519 1346 Dea,
544 1269 798 1334 versicoloribus
820 1271 878 1336 alis

99 1373 136 1432 ln
161 1377 281 1433 tuoneiu
304 1370 388 1452 picta
410 1371 505 1432 stabit
526 1372 632 1433 Amor
653 1373 815 1452 pharetra.
892 1404 894 1410 2

39 1472 152 1545 Adsis,
176 1493 197 1534 o
217 1470 400 1549 Cytherea3
424 1483 497 1533 tuus
519 1482 550 1534 te
574 1470 695 1535 Caesar
718 1472 858 1557 Olympo

98 1576 143 1636 Et
165 1571 345 1635 Surrentini
367 1571 469 1637 litoris
492 1593 549 1636 ora
572 1585 680 1637 vocat.

178 1715 224 1776 X.
272 1710 421 1775 Domitii
441 1711 572 1775 Marsi.
616 1713 766 1791 (Authol.
790 1715 833 1777 L.
857 1714 889 1777 2.
913 1715 1004 1793 tto.)

39 1823 85 1884 Te
108 1843 237 1906 quoque
259 1821 402 1904 Virgilio
423 1821 570 1885 comitem
594 1844 657 1884 non
679 1845 797 1906 aequa,
823 1824 968 1901 Tibulle,

99 1925 195 1985 Mors
217 1923 363 1985 invenem
387 1945 515 2006 campos
539 1924 621 1987 misit
642 1927 682 1987 ad
704 1926 854 2004 Elysiosr

38 2027 86 2087 Ne
108 2025 217 2098 locet,
242 2036 294 2086 mu
317 2025 416 2108 elegis
440 2025 551 2089 molles
574 2025 628 2109 qui
650 2027 741 2089 fleret
763 2046 904 2103 amores,
996 2047 1000 2051 ·

96 2129 162 2190 Aut
185 2138 313 2188 caneret
335 2126 414 2189 lorti
434 2126 523 2210 regia
545 2128 629 2190 bella
651 2129 746 2210 pede.

170 2269 237 2333 Χι.
281 2249 433 2330 comant
452 2265 582 2330 severi.
626 2266 776 2343 (Anium.
799 2269 843 2330 L.
867 2268 899 2330 n.
925 2268 995 2331 155.

38 2412 75 2424 ·-
96 2379 231 2459 Oraque
253 2376 482 2459 magnanimdm
505 2375 658 2458 spirantia
680 2397 780 2458 paene
803 2377 946 2440 virorum

37 2479 71 2541 lu
94 2477 208 2549 nostris
229 2477 357 2547 iacuere
379 2477 463 2551 suis;
484 2481 539 2540 sed
562 2476 645 2540 enim
667 2477 799 2541 abstulit
819 2501 948 2556 omnes,

38 2583 211 2660 Tamquam
234 2578 301 2641 sola
323 2578 425 2655 locet,
449 2579 534 2661 rapti
556 2578 723 2643 Ciceronis
745 2579 867 2664 imago.

37 2684 128 2742 Titne
150 2682 286 2742 redeunt
306 2679 417 2743 anisnis
439 2679 580 2764 ingentia
602 2679 753 2744 Consulis
776 2693 864 2757 aeta,

35 2781 225 2866 Iurataeque
248 2802 357 2844 manus
379 2784 600 2864 deprensaque
621 2781 756 2863 foedera
777 2805 898 2856 noxae,

34 2882 272 2966 Patriciumque
294 2883 382 2945 nelas
405 2882 595 2947 exstinctum
619 2896 651 2947 et
671 2906 774 2965 poena
798 2883 956 2970 Cethegi,

34 2984 249 3068 Deiectusque
270 2985 352 3048 redit
374 2984 457 3048 rotis
480 2983 620 3047 Catilina
641 2986 794 3049 nefandis.

36 3086 117 3164 Quid
138 3085 238 3149 favor
258 3098 313 3150 aut
334 3098 463 3164 coetus,
487 3086 573 3169 pleni
595 3087 673 3171 quid
694 3087 870 3149 honoribus
895 3089 965 3151 anni

34 3186 260 3251 Pnoluerunt?
282 3187 389 3251 Sacris
411 3199 444 3251 et
465 3187 529 3251 vita
552 3188 627 3273 quid
648 3188 767 3250 artibus
791 3187 881 3250 aeta?

33 3289 176 3351 Abstulit
198 3312 258 3352 sinn
280 3289 346 3353 dies
368 3288 439 3353 aevi
461 3291 556 3353 decus
577 3288 702 3373 ictaque
724 3290 814 3353 lueto

35 3390 198 3454 Conticuit
219 3391 332 3454 Latiae
355 3390 452 3454 tristis
476 3390 620 3454 facundia
642 3389 784 3475 linguae,

34 3490 132 3555 Unica
154 3492 299 3555 sollicitis
323 3494 481 3576 qttondam
505 3493 602 3555 tutela
627 3493 794 3576 salusque,
820 3572 822 3575 v

33 3593 210 3679 Egregium
232 3614 358 3677 semper
379 3594 502 3678 patriae
525 3604 637 3676 caput:
662 3594 715 3658 ille
730 3607 863 3666 >senatus

99 3821 147 3865 lx.
168 3817 193 3866 l.
213 3822 315 3875 „burim
335 3823 438 3867 coniecit
455 3818 579 3882 Corniger
596 3820 666 3868 horel
682 3822 751 3867 ories
769 3822 888 3881 hurnilir,
918 3824 964 3870 red
981 3843 1014 3874 m.
1028 3835 1052 3883 t.
1104 3831 1150 3872 Sed

32 3888 64 3931 ita
86 3888 161 3948 friget
184 3892 307 3945 epitheton
331 3892 466 3951 corniger,
491 3892 596 3938 alienum
622 3906 636 3935 a
659 3907 686 3936 re
717 3896 873 3940 erteunnuda.
921 3897 982 3941 lltud
1007 3904 1084 3942 tanuen
1106 3896 1151 3940 hoe

33 3954 139 4002 hirruilrr
154 3966 270 4004 incretos
287 3957 462 4018 (rotgu)soros
472 3961 531 4006 terri
546 3963 584 4004 vix
597 3962 700 4016 potest.’'
721 3962 841 4008 Wannnn.
857 3989 890 3998 -
909 3967 1016 4024 Sitligius
1030 3967 1150 4010 coniecit:

33 4022 155 4086 Corniger
173 4034 215 4072 ort
233 4029 302 4071 ories
314 4025 424 4074 ltumil'er
437 4036 460 4074 et
472 4029 587 4074 motinus
599 4036 688 4074 saurus
702 4028 810 4076 Victima
827 4040 930 4078 secroto
947 4036 1027 4093 tinget
1046 4032 1148 4076 bonore.

35 4094 166 4141 Construe:
187 4098 316 4157 Corniger
333 4098 418 4151 ories,
446 4097 551 4142 bismilir
568 4098 684 4155 rictimo,
707 4106 730 4144 el
747 4106 851 4155 latirus,
876 4103 994 4145 maximo
1017 4098 1135 4157 (uictima)
1143 4131 1150 4153 ,

34 4160 77 4207 line
91 4160 168 4222 socos
186 4163 393 4210 secrotoltonore
412 4167 501 4226 tinget.
514 4168 587 4215 Bam.
608 4169 668 4220 syn.
687 4170 721 4212 Iis
740 4172 810 4227 longa
830 4172 853 4213 in
867 4183 982 4223 caesura,
1002 4175 1041 4213 nt:
1061 4159 1152 4211 Omnia¹

34 4231 109 4278 uincit
125 4232 217 4290 Amor,
236 4241 260 4280 et
278 4248 323 4282 nos
342 4234 461 4281 teduinus
475 4235 572 4281 Amori.
616 4237 663 4280 xl.
685 4235 726 4281 1⁰.
748 4237 813 4293 oeni]
832 4239 895 4280 Scat.
915 4237 979 4278 cinis
996 4238 1080 4279 Burin.
