2772 4750
224 208 289 272 13⁰

229 365 322 430 Haec
342 380 440 447 qinom
462 359 551 442 legas
572 366 626 432 tu,
648 355 758 419 bellua
772 353 825 418 ille
847 364 880 417 et
902 355 1040 417 urbanus

230 459 380 522 Suffenus
402 478 483 520 unias
503 451 723 536 caprimulgus
744 463 798 514 aut
817 451 948 515 fossor.

229 556 357 619 Rursus
379 554 528 635 videtnra
551 560 671 637 tautum
694 551 850 612 abhorret
871 570 909 611 ac
930 559 1043 612 mutat,

150 702 154 707 ·
187 691 190 697 ·
229 657 305 731 Huc
327 655 403 739 quid
424 664 570 736 putemus
592 649 688 715 ease?
711 649 767 734 qui
789 652 886 714 modo
908 671 1038 726 scurra,
1093 680 1098 685 ·

229 758 297 821 Aut
318 756 346 818 ai
367 754 443 839 quid
462 755 523 817 hac
543 774 579 816 re
600 752 705 814 tritius
727 750 917 826 videbatur,

229 859 316 920 Idem
337 855 478 934 infaceto
500 865 548 916 eat
568 852 738 916 infacetior
752 872 857 926 rure,

231 958 332 1020 Simul
353 958 501 1038 poc'mata
523 953 648 1038 attigita
671 972 775 1038 neque
796 953 876 1017 idem
899 976 1036 1039 unquam

229 1060 344 1139 Aeque
367 1068 414 1119 eat
436 1058 549 1141 beatus
571 1077 610 1118 ac
630 1057 746 1136 poe'ma
769 1076 867 1138 qttom
889 1057 1017 1120 scribit:

229 1162 311 1221 Tam
333 1160 451 1242 gaudet
470 1156 503 1219 in
527 1177 561 1243 se
583 1167 711 1239 tamque
734 1173 767 1220 se
789 1157 857 1239 ipse
879 1157 1024 1222 miratur.

227 1259 384 1321 Nimirum
406 1257 487 1319 idem
510 1277 619 1320 omnea
632 1257 780 1346 'fallimur
802 1279 905 1341 neque
929 1270 978 1321 est
1000 1259 1194 1342 quiequam,

228 1360 330 1438 Quem
353 1379 416 1420 non
438 1357 470 1420 iu
493 1357 654 1439 aliquare
676 1357 785 1421 videre
808 1361 971 1423 Suffenum

228 1458 352 1523 Poaaia.
396 1458 480 1521 Suus
501 1457 644 1543 quoique
665 1460 834 1522 attributus
858 1471 905 1524 eat
928 1480 1038 1523 error:

229 1561 377 1623 sednon
401 1558 561 1636 videmus,
585 1558 737 1623 manticae
760 1563 847 1642 quod
868 1559 898 1622 in
921 1573 1017 1645 tergo
1039 1571 1098 1624 est.

586 1778 590 1787 ‚
679 1747 783 1810 vm.
805 1748 890 1827 (te.)

290 1872 356 1933 Iam
380 1890 438 1933 ver
461 1867 603 1954 egelidos
623 1866 728 1931 refert
748 1877 897 1951 tepores,

228 1972 294 2035 lam
317 1970 397 2035 caeli
418 1970 512 2034 furor
533 1968 771 2053 aequinoctialia

226 2074 378 2137 Ioeundir
401 2071 683 2154 Zephyei‘ailescit
705 2071 802 2133 atteia.

226 2175 430 2258 Linqunutur
451 2172 608 2257 Phrygii,
633 2172 777 2250 Catulle,
802 2173 904 2255 campi

226 2274 429 2358 Nicaeaeque
450 2294 528 2357 ager
549 2277 629 2342 uber
650 2286 835 2339 aestuosae:

227 2379 282 2438 Ad
303 2376 405 2438 clarae
428 2375 527 2439 Asiae
549 2376 694 2440 volemus
717 2376 815 2442 lichia.
884 2428 886 2432 ,

213 2479 293 2539 lam
317 2498 405 2539 mens
427 2476 670 2559 praetrepidans
692 2489 766 2540 avet
787 2476 917 2561 vagari3
1037 2560 1040 2565 Ἢ

225 2579 292 2639 lam
315 2577 391 2641 laeti
412 2578 518 2641 studio
540 2580 641 2658 pedes
662 2580 842 2662 vigescunt.

112 2706 117 2719 t
226 2680 257 2742 Ο
281 2681 390 2741 dulces
411 2677 562 2742 connitum
587 2681 690 2742 valete
712 2691 844 2754 coctus,

224 2782 344 2862 Longe
367 2801 449 2863 quos
472 2779 566 2843 simul
588 2801 605 2841 a
628 2783 724 2844 domo
749 2782 918 2862 profectos
998 2868 1003 2874 ,

229 2881 368 2944 Diverae
391 2881 498 2944 variae
520 2879 592 2944 viae
613 2886 797 2964 reportant!

625 3088 627 3103 ι
660 3100 662 3105 .
695 3050 762 3115 lx.
799 3051 852 3114 at.

385 3168 631 3234 SECULARE
655 3054 944 3238 cnssniuuinu
967 3172 1172 3238 DlANAM.

412 3288 535 3353 Dianae
557 3311 663 3354 sumus
685 3291 716 3353 in
738 3290 824 3366 lide,
843 3348 848 3358 .

350 3390 482 3452 Puellae
503 3400 535 3453 et
556 3391 649 3472 pueri
672 3391 808 3475 integri:

348 3490 518 3567 Dianam,
539 3492 642 3574 pueri
663 3492 795 3576 integri

347 3593 542 3677 Puellaeque
564 3614 727 3668 canamus.
837 3674 843 3683 x

315 3726 321 3766 3
387 3694 443 3758 Ὀ
465 3694 623 3770 Latonia,
647 3694 776 3768 maximi

351 3797 475 3878 Magna
496 3797 669 3879 progenies
691 3796 799 3872 lovis,

348 3898 456 3976 Quam
473 3907 574 3965 mater
594 3919 701 3980 prope
712 3898 845 3962 Deliam

346 3996 520 4080 Depoaivit
542 3997 677 4071 olivam.;
696 4046 716 4073 ‚.
916 4068 919 4074 ,

411 4097 573 4162 Montium
594 4096 722 4161 domina
743 4111 777 4162 nt
797 4101 887 4165 lorea

348 4200 569 4280 Silvarumque
592 4198 762 4271 virentium
