2772 4750
40 329 141 406 Atque
161 321 280 386 utinam
293 318 412 402 primis
435 318 570 400 unimam
593 336 784 401 mepouere
805 318 896 405 cunis
987 348 990 352 ·

95 425 244 488 iussisset
265 420 458 504 quaevisde
479 418 584 486 tribus
606 441 668 482 una
690 425 807 484 soror!

41 527 113 588 Num
136 547 201 608 quo
223 537 286 587 taur
310 523 423 586 dubiae
445 509 593 585 servetur
615 520 746 603 spiritus
768 521 893 586 horae?

96 626 248 690 Nestoris
270 637 317 689 est
340 623 429 687 visns
450 635 529 705 post
546 622 611 686 triu.
629 623 713 686 seela
732 621 823 685 riuis.

40 727 97 792 Cui
117 728 145 790 si
166 739 230 790 tarn
253 729 369 808 longae
392 723 554 787 minuisset
575 724 640 787 sata
662 735 809 787 senectae
891 736 894 742 '

96 827 239 891 Gallicus
258 825 364 891 Iliacis
386 826 475 888 miles
496 824 529 887 in
550 825 739 923 aggeribus,

38 932 108 993 Non
129 931 182 992 ille
205 927 369 993 Antilochi
392 926 524 990 uidisset
544 947 664 1008 eorpus
685 924 827 1000 hermari3

94 1030 227 1093 Diceret
252 1041 328 1092 aut:
352 1030 404 1101 „0
427 1049 533 1103 mors,
557 1048 615 1091 our
637 1027 712 1090 mihi
734 1048 806 1090 sera
828 1027 969 1090 venis?''

39 1134 87 1194 Tu
107 1142 212 1195 tamen
235 1131 354 1194 amisso
374 1149 618 1212 nonnunquam
640 1127 733 1192 flebis
756 1128 877 1191 amieo:
1107 1128 1146 1191 35
1224 1120 1227 1123 ⁵

94 1234 158 1295 Fas
180 1243 228 1295 est
249 1229 440 1315 praeteritos
461 1250 587 1312 semper
609 1251 715 1293 amare
736 1228 838 1294 viroS.

37 1333 159 1409 Testis,
183 1333 235 1396 oui
256 1332 385 1396 niveum
407 1334 567 1413 quondam
589 1330 746 1413 percussit
766 1331 897 1395 Adonin

92 1437 274 1498 Venantem
297 1432 399 1496 ldalio
422 1432 543 1495 vertice
565 1434 663 1495 durrus
685 1422 808 1513 apers'

26 1532 98 1598 'Illis
119 1536 304 1598 formosum·
320 1534 454 1597 iaouisse
475 1534 661 1616 paludibus,
684 1534 760 1596 illue
797 1572 800 1576 ι

92 1635 221 1699 Diceris
244 1636 345 1698 effusa
364 1647 420 1710 tu,
444 1637 578 1713 Venus,
600 1635 665 1698 isse
688 1654 792 1699 conta.

35 1738 95 1801 Sed
114 1737 236 1800 frustra
258 1748 363 1811 mutos
384 1736 576 1813 revocabis,
601 1735 759 1816 Cynthia,
783 1737 919 1801 Mones:

93 1841 176 1902 Nam
193 1857 266 1903 mea
289 1837 366 1922 quid
386 1848 539 1917 poterunt
561 1858 633 1903 ossa
656 1836 773 1901 minuta
795 1838 912 1922 loqui?
963 1922 967 1927 η

312 1989 411 2084 mm
433 2021 482 2085 11.
525 2022 705 2086 nouom
725 2020 859 2086 xxvi.

31 2141 110 2205 Vidi
131 2153 163 2204 te
184 2141 216 2205 in
238 2122 356 2206 somnis
379 2141 499 2218 fracta,
524 2162 592 2204 mea
614 2143 699 2218 vita,
723 2139 830 2204 eariua

92 2242 191 2306 Ionio
211 2244 309 2306 lassas
332 2232 447 2307 ducere
469 2263 547 2307 rore
569 2226 680 2306 minus

29 2345 72 2406 Et
94 2366 301 2428 quaecunque
321 2345 355 2407 in
378 2366 427 2408 me
448 2340 555 2407 lue'ras
577 2343 706 2406 mentita
728 2343 823 2407 lateri

91 2447 164 2508 Noe
185 2446 244 2508 iam
266 2447 400 2511 humore
423 2467 538 2530 graves
559 2445 677 2509 tollere
698 2465 795 2526 posse
817 2466 944 2521 eomas,

28 2545 163 2625 Qualem
186 2548 356 2628 purpureis
379 2547 527 2630 agitatam
548 2547 696 2611 fluctibus
718 2548 854 2624 Hellen,

67 2649 181 2711 Aurea
203 2649 297 2732 quam
321 2650 411 2712 molli
432 2659 565 2732 tergore
586 2649 677 2711 vexit
699 2648 782 2712 ovis.

25 2747 132 2827 Quum
154 2747 266 2825 timui,
290 2770 329 2813 ne
350 2749 438 2814 forte
460 2761 549 2813 trutm
572 2772 660 2813 mare
683 2770 800 2815 nornen
820 2751 954 2813 haberet

90 2851 204 2933 Atque
226 2860 280 2912 tua
301 2847 412 2914 labens
434 2850 541 2919 navita
560 2851 655 2914 fleret
676 2849 773 2935 aqua!
1089 2916 1092 2923 ,

25 2950 121 3030 Quae
143 2963 209 3014 tum
232 2973 295 3035 ego
319 2954 498 3035 Neptuno,
522 2973 604 3038 quae
625 2963 690 3015 tum
713 2973 784 3014 eum
809 2949 946 3016 Castore
966 2916 1116 3029 fratri,.

25 3114 106 3158 simili
122 3115 230 3158 acumine
248 3112 401 3163 Gluurius
393 3129 411 3161 ι.
432 3129 454 3161 e.
476 3116 614 3171 Sarpedon,
632 3114 727 3159 Censor
750 3113 833 3157 nascio
854 3115 894 3170 qui
915 3114 1039 3169 lenensis,
1058 3121 1083 3159 et
1101 3129 1146 3174 ego

25 3184 154 3239 sliquando
167 3194 177 3237 z,
192 3180 332 3238 Mullious,
354 3196 415 3237 pro:
435 3184 565 3238 Mallotes,
596 3198 610 3227 a
629 3183 705 3227 Mallo
726 3180 826 3226 Ciliciae
849 3181 929 3236 urbe,
950 3183 1019 3227 Iliad.
1040 3184 1063 3244 ζ.
1084 3182 1144 3230 897.

25 3252 69 3296 §ed
100 3251 159 3294 baec
182 3252 270 3297 omnia
285 3252 392 3296 ludibria
418 3257 474 3297 sunt
500 3253 524 3297 in
551 3266 604 3296 voe.
625 3253 681 3305 vel,
710 3255 736 3294 ut
752 3251 873 3305 diximus,
891 3251 1032 3304 explicando
1053 3254 1104 3307 rel,
1126 3253 1147 3297 si

25 3333 68 3362 soc
100 3333 149 3362 non
172 3318 276 3375 suffieit,
309 3334 353 3374 pao
381 3322 508 3376 desperato
524 3320 602 3364 *nobis
626 3319 743 3364 babendo.
788 3316 842 3364 133¹.
867 3321 903 3363 lta
928 3319 1004 3364 Codd.
1027 3322 1145 3379 plerique.

25 3385 205 3436 lldddsumuti.
244 3381 1148 3447 3l.ruillusebk.L.lao.—quiCoeld.aliusEdd.—Tsstis‚quem
1193 3428 1196 3434 .

44 3481 56 3491 -
74 3456 226 3512 percussit:
254 3454 359 3500 Adonis.
380 3458 471 3501 Maelii.
526 3453 569 3502 39.
587 3457 609 3501 Α
626 3457 738 3501 mutando
753 3458 848 3516 vulgata
868 3456 1043 3510 abstinuimus,
1074 3462 1147 3519 quum

25 3525 217 3568 emendationum
240 3538 255 3567 a
279 3525 572 3581 criticis-propositarum
589 3527 655 3570 nulla
681 3524 822 3571 satisfaciat.
875 3525 1004 3568 Fluctuant
1027 3525 1094 3569 libri.
1111 3528 1148 3571 in·

25 3607 56 3636 er
76 3590 138 3635 Illis
156 3596 180 3635 et
195 3590 270 3646 Illic,
289 3593 419 3648 iacuisse,
434 3593 537 3655 flevisse
556 3593 700 3647 otlaricus,
720 3593 783 3650 quod
797 3606 822 3637 se
841 3593 952 3648 probarit
970 3592 1072 3638 Censori
1092 3594 1146 3641 len.

25 3685 50 3696 -
65 3659 130 3703 Illic
140 3655 422 3722 formosum'fleoisss‚
437 3661 577 3719 paludibus
589 3662 643 3706 illie
661 3662 767 3707 llusebk.
782 3685 812 3699 -
822 3660 880 3706 Illis·
890 3658 1018 3717 formosis
1036 3662 1148 3709 inruisse

25 3727 182 3782 oramus,
205 3730 271 3773 >illue
289 3729 388 3775 Laebm.
425 3732 472 3776 Sed
491 3733 518 3774 de
530 3727 656 3790 formosis
670 3729 808 3788 paludibus
826 3731 924 3785 paucis,
956 3732 1060 3785 opinor,
1091 3745 1147 3788 per-

26 3797 136 3841 uadebit
154 3798 186 3841 V.
206 3797 254 3845 D„
283 3797 349 3855 (lpse
367 3800 393 3844 in
413 3813 463 3845 see.
485 3799 531 3844 Ed.
552 3805 576 3844 et
593 3800 643 3843 lae.
661 3803 769 3843 nostram
789 3801 845 3843 leet.
866 3804 1002 3844 servarunt.
1039 3799 1146 3846 Confusa

25 3867 111 3922 uplex
130 3870 169 3910 est
185 3867 351 3918 constructio}
370 3868 548 3923 ‚,'forrnosum
541 3868 644 3913 iacuisse
662 3868 759 3922 dicunt,
778 3868 835 3912 illuc
853 3868 941 3912 diceris
964 3873 990 3914 tu
1008 3865 1095 3924 isse.”)
1118 3911 1120 3916 .

396 3971 760 4018 Lm.lt.E1.EG.xxvt.

71 4063 119 4112 10.
136 4067 279 4126 „excipere
296 4069 391 4114 rariore
410 4082 454 4113 usu
471 4073 509 4113 est
518 4081 623 4124 pacisci
643 4072 669 4112 ut
681 4070 755 4113 certis
773 4030 862 4126 iliquid
882 4026 1141 4112 eonditiouiluis
1075 4048 1158 4115 ἲιοῌί

25 4137 126 4182 ekker.
157 4135 196 4180 lb.
223 4136 276 4181 ium
293 4135 372 4183 dsue
401 4138 462 4185 Cdd.
482 4137 531 4182 lae.
553 4135 601 4182 L2.
624 4150 703 4194 „quae
723 4150 796 4194 quum
822 4135 933 4179 mortalis
958 4133 1016 4176 olim
1041 4131 1145 4184 fuisses,
1152 4116 1162 4161 l

25 4218 81 4250 uno
105 4217 226 4261 praesens
250 4218 276 4251 es
297 4202 375 4252 Βοιι.”
393 4228 427 4241 -
444 4211 496 4252 tum
516 4204 564 4252 deu
581 4206 670 4262 vulgo.
