2762 4760
204 189 246 256 38
266 239 271 249 ,

204 348 325 433 Longe
347 348 387 410 ab
410 343 573 410 sensiferis
594 342 774 428 primordia
796 342 937 410 motibus
958 352 1086 419 errant,

205 449 314 532 Quom
337 458 509 531 correptus
529 448 629 512 homo
652 468 694 510 ex
715 466 831 512 somno
853 467 887 510 se
909 444 1038 529 colligit
1060 444 1142 527 ipse.

204 550 316 616 Multo
338 548 440 636 igitur
462 559 598 614 mortem
620 547 723 611 minus
745 550 785 611 ad
805 568 867 613 nos
888 568 957 611 esse
979 550 1200 637 putandumst,

205 652 242 716 Si
264 651 366 715 miuus
387 672 456 715 esse
477 661 604 732 potest,
627 670 722 733 quam
745 652 835 734 quod
855 647 937 712 nihil
958 669 1027 712 esse
1051 647 1206 713 videmus.
1274 648 1349 711 940

204 753 319 819 Maior
340 752 423 817 euim
444 741 558 815 turbae
580 749 733 815 disiectus
756 750 899 815 materiai

206 855 425 941 Consequitur
446 854 512 918 leto
533 874 595 918 nec
615 852 783 938 quisquam
806 853 994 939 expergitus
1016 864 1137 928 exstat,

206 955 346 1041 Frigida
367 978 463 1040 quem
486 954 584 1020 semel
605 966 652 1019 cst
673 954 753 1018 vitai
774 972 872 1038 pausa
893 966 1039 1040 sequuta.

268 1057 436 1143 Denique,
458 1055 485 1120 si
507 1078 621 1129 vocem
643 1078 752 1120 rerum
773 1068 886 1120 natura
905 1067 1038 1139 repente

205 1159 323 1226 Mittat
344 1171 376 1224 et
396 1160 462 1224 hoc
482 1158 605 1243 aliquoi
629 1161 775 1223 nostrttm
796 1157 844 1221 sic
866 1157 1011 1240 increpet
1034 1157 1120 1240 ipsa:
1275 1159 1348 1224 945

207 1262 320 1344 „Quid
340 1260 402 1325 tibi
422 1271 512 1325 tanto
536 1281 636 1344 opere
657 1271 721 1335 est,
746 1259 908 1337 mortalis,
931 1265 1022 1346 quod
1041 1259 1134 1323 nimis
1156 1259 1277 1344 aegris

207 1364 392 1440 „Luctibus
413 1361 583 1447 indulges?
617 1362 705 1444 Quid
727 1373 864 1426 mortem
884 1361 1051 1447 congemis
1070 1384 1109 1426 ac
1130 1361 1211 1426 fles?

207 1469 317 1541 „Nam
338 1466 440 1550 gratis
462 1464 560 1529 suerit
579 1463 638 1529 tibi
660 1464 727 1528 vita
749 1475 821 1529 ante
844 1476 915 1528 acta
936 1464 1110 1550 priorque,

208 1571 278 1643 „Et
297 1589 363 1632 non
382 1565 488 1633 omnia
510 1578 674 1649 pertusum
695 1578 850 1650 congesta
869 1566 960 1652 quasi
983 1566 1016 1629 in
1036 1587 1095 1629 vas

209 1669 419 1745 „Commoda
435 1669 619 1751 perfluxere
643 1680 738 1753 atque
760 1667 887 1752 ingrata
909 1667 1081 1743 interiere3
1286 1670 1349 1734 950

209 1772 330 1853 „Quur
351 1792 416 1836 uon
437 1781 472 1833 ut
494 1770 607 1853 plenus
628 1769 878 1833 vitaecouviva
900 1769 1041 1846 recedis,
1286 1756 1289 1759 ⁵

209 1876 353 1959 „Aequo
375 1873 546 1957 animoque
569 1871 658 1954 capis
680 1892 840 1947 securam,
863 1871 974 1946 stulte,
996 1870 1158 1955 quietem?

209 1974 291 2050 „Sin
314 1997 369 2051 ea,
391 1996 474 2059 quae
495 1974 621 2037 fructus
642 1994 805 2058 quomque
824 1995 877 2049 es,
899 1972 1026 2055 periere
1044 1973 1195 2054 profusa,

209 2078 376 2162 „Vitaque
399 2076 432 2140 in
454 2077 630 2150 offensost3
653 2098 737 2161 quur
756 2074 893 2157 amplius
913 2078 1030 2139 addere
1055 2075 1200 2159 quaeris,

209 2181 376 2254 „Rursum
397 2180 487 2262 quod
509 2189 622 2258 pereat
643 2177 718 2240 mali
741 2189 773 2240 et
789 2177 951 2264 ingratum
974 2176 1102 2241 occidat
1124 2177 1255 2241 omne?
1286 2181 1349 2246 955

209 2283 312 2356 „Non
333 2280 443 2364 potius
464 2278 548 2343 vitae
569 2281 665 2344 finem
682 2277 761 2344 iacis
783 2290 879 2365 atque
896 2278 1043 2343 laboris?

209 2386 320 2459 „Nam
341 2380 404 2446 tibi
423 2393 590 2466 praeterea
613 2386 702 2467 quod
721 2380 883 2445 machiner
906 2378 1128 2465 inveniamque
1379 2408 1380 2459 1

207 2485 334 2566 „Quod
353 2485 495 2568 placeat,
518 2483 600 2564 nihil
621 2495 688 2548 est:
714 2487 823 2548 eadem
845 2493 918 2546 sunt
942 2482 1049 2548 omnia
1069 2503 1209 2564 semper.
1378 2514 1380 2609 p

206 2586 267 2661 „Si
288 2585 348 2650 tibi
371 2607 436 2651 non
457 2584 546 2649 annis
568 2605 689 2669 corpus
710 2585 772 2648 iam
794 2595 916 2648 marcet
938 2595 970 2648 et
991 2595 1079 2648 artus
1379 2626 1380 2671 „

209 2687 410 2764 „Consectei
431 2688 602 2771 languent,
625 2689 734 2749 eadem
755 2697 861 2750 tamen
882 2685 988 2753 omnia
1009 2696 1147 2761 restant,
1289 2693 1351 2756 960
1379 2678 1380 2773 1

209 2790 355 2866 „Omnia
379 2789 407 2853 si
429 2809 547 2872 pergas
569 2787 709 2852 vivendo
734 2787 864 2852 vincere
886 2788 990 2864 secla;

210 2896 346 2978 „Atque
367 2889 460 2956 etiam
479 2890 605 2974 potius,
628 2890 655 2954 si
673 2911 833 2975 nunquam
852 2890 897 2955 sis
916 2889 1111 2955 moriturus:
1125 2892 1144 2919 ''
1166 2927 1210 2938 --
1379 2972 1380 2979 ἵ

209 2993 296 3076 Quid
316 2996 564 3076 respondemus,
587 2990 648 3055 nisi
668 2991 782 3056 iustam
802 2992 968 3058 intendere
987 2993 1074 3057 litem

207 3100 363 3163 Naturam
388 3108 419 3161 et
442 3116 549 3160 veram
572 3094 683 3159 verbis
705 3115 869 3178 exponere
893 3095 1059 3160 caussam?

222 3332 225 3338 Ι
260 3277 320 3326 938.
340 3281 357 3325 i.
379 3293 402 3324 e.
422 3283 491 3333 tunc,
511 3292 583 3336 quum
601 3274 704 3336 (oannis)
723 3278 794 3322 homo
813 3291 867 3323 sese
885 3279 1020 3334 corripiens
1036 3275 1106 3333 (siclt
1124 3273 1310 3341 uusraffend)
1328 3299 1353 3332 ιι

206 3363 291 3397 somno
310 3362 336 3393 se
354 3349 446 3406 colligit
463 3349 537 3392 ultro.
575 3348 654 3405 Quum
677 3353 808 3405 correptus
833 3348 1050 3404 interpretarentur
1069 3348 1121 3392 Itali
1140 3349 1352 3410 „incr-epirus’',

205 3417 338 3478 egridato,
368 3417 526 3469 factumest,
557 3421 583 3460 ut
601 3419 685 3472 tanta,
704 3417 734 3462 Α.
772 3418 853 3475 Vulgo
878 3418 1014 3463 scriberent
1031 3415 1098 3478 Quin
1115 3425 1268 3476 correptus
1292 3427 1313 3470 i.
1333 3440 1352 3470 s.

205 3488 304 3544 „Quid‚
324 3487 387 3543 quod
405 3486 478 3530 etiam
496 3485 568 3528 horno
586 3485 616 3529 ab
635 3487 713 3530 altero
734 3486 865 3542 increpitus
883 3488 920 3532 vel
939 3488 1071 3541 appellatus
1091 3500 1117 3531 se
1137 3501 1166 3530 ex
1178 3501 1290 3538 sounno
1306 3497 1353 3541 cot.
1378 3484 1379 3505 ³

204 3554 301 3614 ligit?”
318 3554 380 3600 cdd.
402 3554 486 3609 (etiarn
498 3553 585 3609 C.E.)
603 3557 731 3600 lectionem
749 3561 815 3600 recte
834 3557 940 3600 restituit
958 3557 1032 3603 Wak.
1088 3552 1148 3601 948.
1167 3556 1219 3602 ilic
1246 3576 1352 3622 quoque

204 3624 319 3682 sequendi
348 3629 416 3669 erant
441 3628 501 3678 optt.
528 3623 588 3669 cua.
609 3624 688 3684 Lugd.
709 3629 787 3681 uterq.
808 3625 837 3669 C.
857 3624 888 3671 E.
908 3626 969 3670 Alii.
999 3649 1033 3660 -
1063 3626 1149 3685 gretie
1168 3626 1193 3670 h.
1220 3629 1247 3675 1.
1274 3637 1353 3689 prium
1378 3578 1379 3661 1

204 3691 395 3751 significatione,
421 3706 481 3751 quse
500 3694 577 3737 clucet
595 3708 623 3738 ex
643 3694 755 3749 opposito
773 3695 917 3753 ingratiis,
945 3696 963 3740 i.
984 3709 1007 3740 e.
1026 3700 1129 3753 „grata‚
1149 3696 1293 3758 iucunda,
1315 3706 1353 3749 uhi

203 3764 323 3806 volenti.”
351 3761 418 3808 Num
436 3763 519 3821 gratis
529 3758 587 3821 suit
604 3763 650 3807 tibi
667 3765 718 3807 sita
737 3763 797 3807 Cdd.
818 3761 902 3821 (ctiam
914 3762 998 3822 ΜΣ.)
1019 3786 1048 3798 -
1067 3763 1135 3809 Num
1151 3771 1280 3824 gratum
1295 3770 1353 3832 sug.

204 3832 240 3876 rit
251 3831 298 3874 tibi
309 3833 359 3877 sita
372 3833 414 3877 W.
422 3832 515 3881 Eichst.
529 3834 627 3878 soloeee
640 3834 664 3876 in
678 3847 702 3877 r.
715 3839 836 3892 gratum:
848 3839 913 3879 recte
919 3830 1014 3893 suerit.
1033 3857 1066 3868 —
1084 3832 1149 3880 Nam
1159 3835 1184 3877 si
1192 3840 1354 3902 grutasus't

203 3900 250 3944 tibi
271 3901 322 3944 vita
346 3915 376 3946 ex
403 3902 514 3958 interpol.
536 3904 565 3950 Α.
589 3902 619 3946 L.
640 3903 674 3947 tl.
699 3905 724 3946 si
748 3905 772 3947 in
795 3902 881 3946 talibus
904 3906 966 3960 apud
990 3907 1074 3959 poe'tas
1099 3916 1170 3957 saepe
1199 3912 1351 3958 omittitur,

208 3966 267 4016 95⁴.
283 3968 427 4032 offensum
436 3972 466 4016 L.
479 3972 510 4016 fl.
550 3970 608 4018 955.
622 3973 655 4016 ita
666 3972 743 4017 Codd.
754 3971 777 4018 6.
789 3973 872 4030 (etiam
880 3972 960 4028 C.E.)
970 3974 1031 4019 Edd.
1040 3978 1098 4018 vett.
1106 3974 1150 4016 W.
1163 3992 1199 4005 -
1214 3983 1304 4026 anule
1312 3985 1351 4029 Δγ,

202 4040 234 4084 1..
246 4041 278 4084 tl.
307 4040 441 4088 Construe:
475 4056 554 4100 „quur
578 4042 676 4099 quaeris
701 4045 788 4089 addens
812 4042 916 4099 amplius
940 4044 1018 4097 muti,
1050 4043 1112 4100 quod
1130 4055 1243 4091 rursum
1269 4058 1352 4108 pereat

204 4110 311 4156 etcet.''
348 4107 408 4157 95⁶.
426 4108 484 4156 Non
502 4111 578 4156 Codd.
592 4109 616 4159 6.
632 4114 715 4157 etmei
728 4114 757 4157 G.
770 4113 802 4158 E.
815 4112 847 4157 Α.
883 4114 1030 4160 nuncEdd.
1050 4111 1168 4156 γυιων.
1207 4127 1274 4163 nee
1293 4123 1351 4169 coa.

206 4180 354 4229 nnus.Ll1.
394 4178 453 4227 961.
471 4193 565 4240 perges
583 4180 613 4224 G.
628 4180 660 4224 E.
674 4182 717 4224 W.
748 4182 785 4226 lb.
806 4181 886 4226 vivers
904 4179 1018 4231 Cod.H.
1056 4178 1352 4239 marmandam

205 4248 235 4295 1..
247 4250 279 4296 ll.
317 4247 377 4297 967.
397 4245 516 4295 taretin
529 4247 606 4294 eoas.
621 4249 692 4294 etiam
700 4249 732 4300 E.
751 4249 1034 4301 buretrsC.Ed.Bri1.
1053 4248 1131 4297 bardo
1143 4249 1189 4297 Ar.
1203 4252 1249 4303 P.
1278 4262 1352 4309 bam.
