2750 4744
35 343 62 404 E
83 363 217 426 quarum
240 348 374 407 nurnero
397 365 445 407 me
467 345 604 429 contigit
626 365 686 409 una
708 349 859 410 dearum:

91 445 137 508 Ut
158 465 235 508 reor
258 466 275 506 a
296 444 397 520 faeie,
422 445 591 528 Calliopea
613 448 685 510 tuit.

33 543 234 616 „Contentus
260 544 360 608 niveis
383 567 510 628 semper
531 548 702 610 vectabere
725 549 852 629 cycnis,

92 647 164 709 Neo
185 658 216 709 te
236 646 333 710 fortis
353 644 544 730 eqni'dneet
565 652 604 711 ad
627 670 714 712 arma
736 672 846 714 sonus.

34 746 87 809 Nil
107 747 166 810 tihi
187 746 229 810 sit
249 769 348 811 rerico
371 749 544 829 praeconia
567 751 697 814 classica
721 773 824 815 cornu

91 848 189 910 Flare
211 870 270 910 nee
291 849 432 911 Aonium
455 849 586 933 cingere
607 852 720 914 Marte
742 873 872 916 nemus:

32 949 97 1011 Aut
118 950 234 1032 quihus
256 950 428 1030 inrumpis
451 950 603 1014 Mariano
625 953 749 1032 proelia
772 953 866 1037 signo

91 1051 185 1112 Stent
207 1060 238 1113 et
261 1051 454 1114 'l'eutonieas
478 1053 581 1115 Roma
604 1053 764 1136 refringat
786 1072 886 1135 opes,

32 1151 192 1213 Barbarus
215 1162 269 1213 ant
292 1153 400 1214 Suevo
422 1154 571 1234 perfusus
593 1155 747 1238 sanguine
770 1157 902 1218 Rhenus

92 1252 211 1316 Sericis
234 1253 385 1316 maerenti
407 1275 548 1335 oorporn
571 1267 678 1318 vectet
700 1277 795 1339 aqua.

31 1352 158 1434 Quippe
181 1346 355 1417 coronatos
376 1355 510 1417 alienum
533 1358 574 1417 ad
594 1356 687 1418 limen
711 1366 850 1419 amantes

90 1457 341 1537 Nocturnaeque
363 1476 456 1518 eanes
478 1455 565 1517 ebria
588 1456 679 1539 signa
700 1456 818 1539 fugae,

31 1556 71 1616 Ut
91 1577 153 1636 per
175 1566 206 1617 te
228 1556 351 1618 elausaa
373 1555 453 1618 sciat
475 1567 645 1618 excantare
666 1557 809 1637 puellas,

90 1655 155 1735 Qui
178 1657 266 1719 volet
288 1667 433 1719 arnsteros
457 1667 525 1719 arte
545 1656 647 1719 ferire
669 1657 795 1722 viros.’'

30 1755 119 1817 Talia
143 1754 314 1837 Calliope,
338 1756 537 1840 lymphisque
553 1774 577 1819 *a
598 1758 688 1820 lonte
709 1757 836 1838 petitis,
911 1788 917 1793 ·

89 1855 158 1918 Ora
180 1856 346 1921 Philetaea
369 1869 477 1921 nostra
499 1858 618 1941 rigavit
640 1880 734 1942 aqua.

257 2043 360 2105 nn.
382 2041 450 2105 111.
473 2042 568 2122 (tv.)
611 2041 791 2106 nonore
813 2043 878 2105 111.

27 2162 125 2222 Arma
147 2163 224 2223 <leus
247 2159 368 2224 Caesar
390 2160 471 2223 dites
494 2159 664 2223 meditatur
686 2164 726 2223 ad
746 2162 847 2224 Indos

88 2263 132 2324 Et
152 2262 235 2324 freta
258 2261 438 2345 gemmiferi
460 2261 581 2325 findere
603 2263 704 2324 classe
727 2262 836 2324 marie.

28 2362 173 2444 Magna,
197 2362 275 2438 viri,
299 2383 437 2426 meroes:
461 2375 553 2445 parat
574 2362 682 2424 ultima
704 2373 791 2425 terra
813 2362 1014 2446 triumphos;

89 2457 200 2546 Tigris
222 2473 253 2526 et
274 2465 458 2545 Euphrates
480 2465 539 2527 sub
563 2475 616 2526 tua
636 2463 706 2526 iura
727 2465 838 2529 fluent.

24 2564 123 2639 Sera,
147 2567 202 2627 sed
225 2565 381 2627 Ausoniis
404 2564 511 2628 veniet
531 2564 700 2645 provincia
722 2565 843 2649 virgis:

86 2668 283 2729 Assueseent
304 2665 402 2728 Latio
424 2666 546 2729 Partha
567 2675 703 2746 tropaea
724 2666 812 2729 Iovi.

23 2765 92 2840 lte,
116 2765 221 2849 agite,
245 2777 396 2848 expertae
418 2766 504 2829 hello
528 2769 600 2827 date
621 2767 716 2829 lintea
738 2787 883 2848 prorae,

21 2980 112 3026 narina
161 2980 205 3027 3⁶.
230 2988 254 3026 et
279 2980 326 3026 L2.
348 3004 378 3015 -
399 2987 425 3026 nt
443 2983 492 3030 lae.
549 2980 590 3028 37.
616 2981 722 3029 deorum
746 2985 823 3029 Codri.
846 2997 928 3028 omues
948 2991 1046 3038 praeter
1068 2987 1141 3032 llain.

21 3051 130 3095 sianum:
162 3065 193 3096 ex
210 3065 258 3108 quo
280 3050 387 3095 Broulh.
412 3052 496 3096 Burru.
518 3063 643 3099 sororum.
689 3053 859 3108 interpolatori
876 3051 1049 3099 obversabatur
1068 3056 1139 3113 Virg-

20 3118 74 3162 Ecl.
96 3116 126 3178 6,
145 3117 186 3168 65.
223 3118 309 3164 Aonas
335 3121 364 3164 ira
389 3129 485 3164 montes
516 3127 542 3165 ret
562 3120 667 3166 duxerit
697 3132 748 3165 nnn
771 3134 897 3164 rarorum.
934 3121 1006 3165 Ouid.
1025 3123 1085 3166 Met.
1106 3120 1139 3176 5,

20 3184 83 3231 268.
103 3188 158 3232 uta.
174 3186 205 3242 3,
219 3186 250 3243 1,
266 3186 308 3235 15.
329 3188 463 3247 doctusque
475 3202 586 3243 sorores,
600 3188 640 3232 uhi
656 3205 679 3234 v.
699 3190 805 3233 lluselrlt.
844 3186 886 3232 tt.
905 3187 957 3235 lllee
969 3189 1139 3238 miseretur.

19 3255 131 3301 Gronov.
149 3279 182 3291 ·—
201 3254 239 3301 Ne
256 3260 293 3302 vel
311 3258 340 3301 ui
356 3263 375 3300 t.
394 3272 418 3302 a.
438 3257 563 3303 Passerat.
582 3259 688 3303 llusehk.
708 3279 743 3291 -
755 3256 888 3314 prdetoriu
905 3259 1019 3301 Beroald.
1039 3272 1074 3303 er
1085 3261 1139 3304 eod.

19 3325 105 3369 narn.
123 3326 156 3370 al.
176 3325 271 3382 Reliqui
297 3339 380 3369 ornaes
402 3327 554 3383 praeconia.
571 3326 666 3381 „Recte
687 3328 721 3370 ita
742 3328 898 3370 victoriarum
922 3329 1041 3371 navalium
1058 3328 1140 3372 laudes

19 3394 66 3437 etei
87 3400 201 3448 possunt,
222 3399 249 3437 ut
265 3395 379 3439 classica
397 3393 462 3438 heliu
481 3394 511 3449 2,
533 3394 562 3448 1,
583 3394 642 3438 28.”
676 3396 854 3449 Lachmann
867 3401 1018 3450 opponuntur
1033 3397 1057 3440 in
1071 3410 1137 3453 seqq.

19 3462 114 3516 proelia
126 3463 261 3508 terrestria.
298 3461 341 3509 45.
361 3464 524 3508 sueuoCodd.
545 3465 661 3521 plerique,
681 3465 730 3508 lar.
768 3460 810 3507 ¹38.
830 3461 1140 3521 nocturnasquensueea

19 3531 86 3574 Mur.
105 3529 199 3577 favente
218 3532 301 3576 Burin.
357 3529 399 3578 19.
420 3545 530 3577 exoa-ore
548 3533 622 3577 Pone.
642 3533 724 3587 laceb,
745 3531 819 3578 verbo
838 3532 862 3576 h.
882 3534 898 3577 l.
918 3532 989 3576 nimis
1008 3533 1112 3589 vulgari.

374 3636 430 3685 nn.
450 3638 494 3681 111.
516 3635 583 3695 (tv.)
619 3633 715 3681 enno,
736 3637 781 3680 tu.

73 3729 98 3776 1.
117 3732 227 3790 Augusto
244 3732 334 3776 bellum
352 3734 467 3777 adversus
485 3734 572 3788 lntlos,
592 3733 687 3785 Arabas
706 3738 729 3777 et
746 3731 851 3776 Parthos
869 3729 927 3787 (efr.
945 3732 1007 3776 Aen.
1023 3730 1047 3788 l,
1069 3729 1140 3790 605.)

20 3801 112 3855 paranti
129 3815 154 3845 a.
174 3814 199 3844 u.
218 3815 241 3849 e.
263 3797 323 3845 730.
343 3801 404 3846 hene
423 3804 551 3845 ominatur.
607 3799 631 3845 3.
658 3802 708 3845 oiri
725 3801 802 3845 Codd.
828 3813 925 3854 omnes,
957 3803 1020 3857 quod
1040 3803 1134 3856 primos

20 3874 83 3914 reete
98 3869 208 3913 distinxit
225 3869 323 3914 Larium.
344 3893 377 3904 -
395 3869 450 3914 sine
468 3872 552 3915 Heius.
566 3871 651 3913 Burm.
677 3871 723 3919 Sed
742 3871 783 3912 illa
802 3881 895 3925 quoque
910 3871 1013 3914 lectione
1034 3875 1143 3925 retenta,

20 3937 111 3982 serrari
133 3943 215 3997 potest
230 3951 254 3982 r.
273 3934 317 3984 4.:
354 3938 401 3982 aula
423 3945 466 3985 tuo
484 3940 558 3992 turn,
575 3939 628 3982 ‘ubi
647 3939 743 3982 tertium
761 3938 833 3982 veluti
846 3950 890 3992 per
908 3938 1138 3992 parenthesin'ette·

20 4019 76 4064 ras3
97 4007 135 4061 (nt
153 4003 185 4059 3,
208 4005 254 4059 11,
275 4003 306 4061 1,
326 4004 377 4060 10,
397 4004 440 4053 35.
460 4005 543 4064 seqq.)
561 4021 616 4051 narn
633 4006 680 4050 aula
698 4020 746 4050 arra
764 4007 823 4050 iura
840 4006 948 4050 lirookla.
971 4007 1036 4050 coni.
1056 4004 1085 4053 Ι..
1106 4005 1136 4059 (i.

20 4090 38 4119 r.
70 4074 116 4119 aula
144 4074 254 4120 debitum
271 4072 400 4137 ditionem)
417 4077 555 4121 duriuscule
573 4077 661 4120 «lictum
680 4076 779 4134 colliges
798 4088 828 4119 ax
847 4071 879 4127 3,
899 4072 942 4118 11.
962 4072 1004 4129 (l,
1026 4067 1082 4126 10.)
1101 4069 1136 4125 2,

20 4141 59 4188 32.
80 4144 121 4188 ulti
140 4143 188 4188 suh
206 4156 254 4188 suu
271 4143 330 4193 iuro
348 4149 373 4188 et
389 4143 417 4188 t'o
435 4158 485 4189 ruo
503 4156 586 4202 regua
603 4145 632 4187 ad
650 4145 791 4194 danninum,
822 4155 870 4185 nou
887 4155 946 4185 vern
967 4142 997 4181 ad
1015 4139 1137 4182 subditum

20 4212 136 4259 refertur.
190 4212 215 4259 5.
243 4212 319 4258 Seres
347 4218 372 4257 et
399 4212 431 4260 A.
451 4212 549 4259 venient
566 4212 726 4266 Gulielmius,
745 4209 828 4253 llains.
854 4208 918 4251 roni.
939 4207 1010 4261 vulgo
1028 4208 1135 4258 recepta.
