2762 4760
29 359 70 422 Et
92 378 189 442 quam
206 353 377 419 falciferos
399 363 554 417 armatum
578 356 748 418 ascendere
772 374 900 417 currus.

30 461 106 522 lude
123 460 229 522 boves
252 460 377 532 Lucas,
398 455 519 520 turrito
543 477 701 539 corpore,
724 467 845 532 tetros,

30 559 253 644 Anguimanos
271 558 350 622 belli
372 562 553 622 docuerunt
574 559 707 623 volnera
730 558 852 624 Poenci

29 666 170 726 Sufferre
191 674 223 725 et
244 683 375 747 magnas
396 661 517 724 Martis
539 664 671 725 turbare
694 672 851 725 catervas.

31 763 82 828 Sic
102 764 169 827 alid
186 786 227 827 ex
245 763 310 828 alio
330 763 458 845 peperit
476 762 641 829 discordia
662 763 782 840 tristis,

29 865 201 929 Horribile
223 865 368 928 humanis
390 869 478 949 quod
499 866 646 950 gentibus
665 878 748 930 esset
769 866 801 930 in
819 866 933 944 armis,

30 969 129 1053 Inque
150 967 218 1030 dies
240 967 321 1031 belli
341 966 522 1032 terroribus
545 967 669 1032 addidit
690 990 839 1054 augmen.

91 1073 272 1133 Tentarunt
291 1068 384 1133 etiam
404 1083 514 1134 tauros
535 1069 569 1133 in
590 1092 741 1135 moenere
759 1070 836 1134 belli

30 1172 250 1257 Experteique
267 1193 337 1234 sues
359 1193 474 1236 saevos
494 1182 566 1234 sunt
588 1172 713 1236 mittere
734 1172 767 1235 in
787 1171 926 1248 bosteis3

30 1275 70 1336 Et
91 1272 219 1338 validos
240 1274 357 1356 partim
379 1296 457 1357 prae
476 1296 509 1337 se
530 1274 643 1338 misere
665 1276 776 1339 leones

31 1375 110 1440 Cum
133 1375 324 1441 ductoribus
346 1375 477 1439 armatis
495 1376 661 1462 saevisque
682 1376 862 1461 magistris,

32 1479 112 1558 Quei
132 1479 333 1544 moderarier
351 1478 401 1541 his
419 1491 551 1561 possent
573 1478 750 1565 vinclisque
766 1491 893 1544 tenere:

30 1580 272 1666 Nequidquam
295 1579 446 1666 quoniam
469 1581 629 1663 permixta
652 1584 747 1645 caede
772 1582 910 1646 calentes

31 1684 220 1745 Turbabant
238 1682 344 1746 saevei
366 1683 454 1747 nullo
478 1682 660 1747 discrimine
681 1696 819 1760 turmas,

31 1783 207 1847 Terrificas
233 1784 373 1867 capitum
396 1784 575 1870 quatientes
597 1785 735 1871 undique
760 1786 893 1863 cristas;

29 1887 97 1949 Nec
118 1897 271 1968 poterant
296 1886 420 1971 equites
441 1886 571 1957 fremitu
594 1888 767 1970 perterrita
789 1911 945 1974 equorum

31 1989 171 2053 Pectora
195 1988 336 2053 mulcere
358 2001 389 2052 et
410 1988 511 2052 frenis
534 2001 730 2055 convortere
752 1990 784 2054 in
805 1991 943 2056 hosteis.
1036 1970 1042 1985 .

30 2089 158 2153 Irritata
181 2090 250 2153 leae
273 2089 432 2154 iaciebant
452 2113 595 2174 corpora
617 2094 699 2156 saltu

31 2191 178 2277 Undique
202 2204 233 2255 et
256 2195 428 2257 advorsum
450 2193 650 2257 venientibus
674 2217 734 2259 ora
755 2197 906 2278 petebant

31 2295 71 2356 Et
89 2315 149 2357 nec
172 2293 351 2376 opinanteis
370 2317 387 2356 a
408 2307 504 2380 tergo
529 2295 740 2377 diripiebant,

30 2395 259 2483 Deplexaeque
282 2399 399 2459 dabant
420 2396 588 2461 interram
612 2398 745 2462 volnere
768 2397 888 2475 victos,

31 2498 203 2563 Morsibus
226 2500 336 2562 affixae
361 2498 476 2562 validis
498 2511 594 2584 atque
613 2500 771 2584 unguibus
790 2499 893 2564 uncis.

29 2599 258 2685 lactabantque
281 2622 357 2666 suos
376 2600 480 2664 laurei
498 2601 697 2687 pedibusque
719 2606 881 2677 terebant3

29 2704 72 2764 Et
91 2702 194 2765 latera
214 2725 251 2765 ae
274 2715 400 2766 ventres
422 2703 592 2766 hauribant
615 2708 724 2767 subter
747 2727 903 2789 equorum

29 2803 197 2868 Cornibus
216 2815 247 2867 ct
268 2816 387 2867 terram
407 2804 562 2867 minitanti
586 2818 687 2869 mente
710 2809 857 2869 ruebant.

28 2907 72 2968 At
94 2906 214 2968 validis
237 2905 345 2971 socios
367 2910 541 2970 caedebant
560 2908 706 2970 dentibus
729 2907 838 2990 aprei,

30 3008 107 3072 'l'cla
130 3008 269 3071 infracta
292 3030 350 3074 suo
374 3008 533 3092 tingentes
559 3010 712 3094 sanguine
736 3008 858 3084 saevei,

30 3109 65 3171 ln
89 3132 123 3173 se
150 3111 256 3174 fractu
277 3132 335 3173 suo
358 3111 517 3196 tingentes
540 3111 694 3196 sanguine
720 3112 799 3187 tela,

29 3301 186 3346 eiereluuta.
205 3301 320 3356 Explica:
346 3304 452 3361 „deutra
468 3316 526 3348 vero
542 3303 640 3350 fortiter
662 3303 795 3362 pugnare.”
830 3303 953 3348 firmatur
968 3305 1146 3364 eutemcigere

28 3372 83 3415 aC.
100 3371 132 3416 E.
182 3367 259 3417 1299.
279 3371 391 3431 biiugum
413 3387 435 3416 s.
462 3372 576 3432 biiugum
593 3375 668 3417 Walt.
691 3374 754 3417 coni.
779 3372 840 3417 Cod.
862 3370 898 3420 Π.
917 3372 1038 3434 biitegeru.
1068 3374 1149 3419 Ceteri

28 3450 126 3487 omnes:
148 3439 246 3500 biiugo.
266 3439 367 3501 biiugos
383 3456 436 3485 eum
453 3442 534 3486 Fabro
547 3443 651 3487 malebat
666 3443 746 3486 Bentl.
786 3438 861 3487 1³00.
882 3443 1005 3488 inuentum
1021 3444 1059 3487 Pii
1073 3445 1150 3489 Codd.

27 3510 55 3553 1.
69 3510 97 3554 1..
115 3511 147 3554 lt.
188 3506 263 3556 1309.
282 3508 385 3555 Purtbei
397 3512 473 3555 Coeld.
488 3510 512 3557 lt.
530 3514 618 3569 aliique
637 3527 675 3567 up.
692 3513 763 3557 Pium
775 3513 804 3560 L.
817 3513 848 3556 ll.
861 3513 904 3560 W.
924 3537 958 3547 -
972 3514 1069 3569 purtim
1083 3514 1149 3558 licli-

28 3580 75 3635 qui.
89 3579 154 3625 Edd.
169 3583 228 3626 vett.
247 3581 292 3624 Ar.
310 3580 341 3625 t.
355 3582 513 3636 probantibus
529 3583 608 3632 Bentl.
629 3596 656 3626 ac
671 3582 755 3639 Preig.
781 3579 879 3640 [llecepi
895 3596 956 3626 nunc
968 3582 1064 3639 purtim
1080 3584 1152 3627 etiarn

28 3663 80 3693 eum
95 3650 158 3693 Cdd.
172 3650 202 3693 C.
218 3654 242 3695 et
256 3650 286 3694 E.
304 3651 321 3695 i.
334 3665 357 3695 e.
375 3652 493 3696 nonnulli.
514 3652 569 3706 Ipse
586 3653 649 3695 enirn
666 3665 689 3695 v.
706 3647 781 3696 1340.
800 3664 868 3708 seqq.
884 3652 1002 3696 incertum
1019 3651 1149 3709 relinquit,

28 3725 106 3762 utrum
125 3721 149 3763 id
169 3733 272 3776 unquam
289 3734 316 3764 re
334 3734 392 3764 tera
410 3722 498 3765 factum
523 3723 555 3764 sit
572 3735 656 3765 necne.
689 3720 741 3765 Non
760 3721 833 3779 igitur
852 3720 876 3763 b.
897 3722 913 3764 Ι.
933 3726 1025 3766 eertum
1044 3722 1096 3765 eius
1114 3721 1151 3765 in·

28 3790 87 3843 septi
106 3791 244 3843 exemplum
261 3790 348 3834 afferre
367 3796 470 3845 poterat.
491 3788 1147 3847 partiensicusurpatuinbabesetiaruLib.6,1171

28 3864 51 3901 et
65 3856 156 3915 tuot]
214 3854 289 3902 1310.
309 3858 452 3904 doctoribus
466 3860 543 3904 (lodd.
557 3860 632 3917 aliq,
653 3861 725 3904 etiam
737 3860 766 3902 C.
778 3860 808 3904 E.
823 3861 865 3904 W.
923 3857 999 3905 1311.
1018 3857 1064 3905 bor
1075 3860 1106 3904 L.
1119 3861 1149 3902 ll.

29 3924 104 3972 1319.
125 3925 284 3983 deripiebant
295 3928 324 3971 L.
338 3929 367 3973 ll.
399 3926 482 3976 1320.
501 3930 519 3973 i.
535 3931 770 3984 e.arteemplexae.
816 3926 891 3973 1322.
912 3943 971 3974 euos
989 3929 1149 3974 C.E.Bri1.

27 3995 57 4039 ll.
68 4001 115 4041 cet.
135 4020 170 4030 -
188 4010 248 4040 sues
259 3998 318 4045 Ver.
330 4000 392 4047 Ven.
406 3999 451 4043 Av.
465 3998 494 4042 L.
544 3995 619 4043 1321.
640 3998 675 4043 od
686 4005 827 4057 terramque
840 3999 948 4043 intuenti
960 4001 989 4042 Α.
999 3999 1029 4041 L.
1041 3998 1071 4040 Η.
1086 4003 1151 4041 eete-

27 4066 162 4113 ruinBrix.
177 4065 330 4111 adsertam.
386 4065 463 4114 1321.
483 4066 632 4112 subditivum
650 4069 755 4112 iudicant
773 4068 897 4124 plerique,
923 4069 947 4112 in
967 4068 1052 4123 quibus
1071 4066 1150 4110 Benll.

29 4139 52 4178 et
66 4135 160 4192 Forb.;
178 4137 207 4180 de
225 4136 313 4190 duplici
327 4142 406 4182 autem
421 4140 561 4182 recensione
575 4139 696 4196 cogitabat
714 4139 773 4180 llav.
806 4138 852 4180 Sed
872 4137 923 4179 vide
940 4150 968 4179 ne
981 4133 1101 4177 similibus
1113 4148 1152 4177 re·

29 4202 224 4259 petitionibus5‚
241 4203 317 4252 1189.
334 4204 364 4260 o,
379 4204 421 4251 15.
438 4205 531 4252 defendi
546 4209 633 4262 possit.
659 4208 745 4262 Sisque
758 4204 934 4258 accepitetiarn
947 4201 1093 4244 Knebelius:
1114 4202 1152 4243 rie

27 4269 130 4329 sarlaten
147 4275 194 4319 mit
210 4272 270 4319 Blut
290 4276 326 4320 im
345 4274 459 4320 Grimme
483 4276 524 4321 die
545 4273 661 4337 quffen‚
689 4273 738 4318 Mit
762 4272 817 4316 dem
842 4270 948 4327 eigenen
972 4265 1032 4310 Blut
1054 4265 1095 4309 dic
1118 4278 1152 4307 un
