2762 4762
57 453 153 517 Hrrnc
174 447 436 536 grandinantem,
460 448 486 515 si
508 449 613 533 sapis,
638 449 790 515 tumulum
812 450 915 538 lnge,

56 554 191 629 Viator,
217 550 452 634 Hipponactis,
475 553 578 616 hostis
601 552 737 635 Bupali3

57 657 165 720 Atrox
185 653 298 716 iambis
321 654 432 716 stridet
454 653 523 735 ipse
545 654 638 719 etiam
662 653 753 717 cinis.

57 758 142 820 Vide
163 757 354 819 crabrooem
378 777 417 818 ne
439 757 607 818 cubantem
630 755 785 820 suescitest

58 858 206 921 Nondum
229 856 367 942 quiescit
388 855 456 919 eius
479 859 562 938 apud
585 858 705 922 Orcum
728 853 869 938 lucror,

59 961 122 1022 Sed
141 970 231 1023 recta
255 959 359 1023 vibrat
381 960 443 1023 tela
465 958 580 1023 claudo
603 958 755 1024 carmine.

593 1143 648 1207 tr.

60 1262 122 1344 Qui
144 1261 282 1347 tragicas
303 1283 402 1327 voces
424 1262 617 1348 moltumque
638 1263 794 1328 trahentia
818 1263 920 1328 las'tus

52 1418 54 1425 ,
121 1367 275 1429 Fortibus
298 1364 430 1427 institnit
451 1364 611 1449 stringere
634 1369 732 1428 verba
755 1366 876 1443 modis,

57 1469 257 1547 Aeschylus,
282 1465 525 1549 Euphorionis,
549 1467 721 1532 Eleusinos
742 1469 857 1550 procul
880 1468 983 1547 arvis,

123 1570 339 1636 concelebrat
359 1569 519 1649 Siculam,
544 1590 606 1656 qna
627 1568 798 1653 sepelitur,
821 1571 963 1637 hunnum.

592 1755 647 1820 43.

59 1875 244 1956 Acsdrylon
267 1874 319 1938 hic
337 1874 479 1958 positum
502 1875 646 1960 loquitur
667 1874 766 1957 lapis,
790 1873 923 1940 Atthide
945 1885 1030 1938 terra

122 1981 203 2040 'l'am
225 1978 360 2060 procul,
385 1977 545 2062 ingentem
568 1976 715 2040 carminis
737 1988 806 2040 arte
827 1977 951 2052 virum,

59 2078 140 2141 Alba
166 2079 267 2141 Gelae
290 2078 388 2143 Siculi
410 2100 515 2162 prope
535 2079 680 2143 flumina:
704 2074 775 2161 quis
796 2076 910 2154 ferror,
933 2099 954 2142 o
977 2098 1055 2161 gens
1165 2138 1169 2145 ,

120 2182 288 2259 Theseos,
312 2179 433 2245 invisos
455 2202 582 2265 semper
604 2183 722 2244 habere
743 2177 873 2246 bonos?

594 2367 648 2430 44,

58 2483 232 2550 Decantate
255 2484 382 2560 choris,
407 2486 609 2568 Sophocles,
635 2494 796 2571 prognate
819 2483 980 2567 Sophilo,

119 2590 224 2669 Quem
248 2598 345 2650 vocat
366 2589 521 2650 Actacum
545 2588 644 2651 Musa
666 2589 820 2670 tragocda
843 2587 954 2663 iubar,

59 2676 161 2754 Cuius
183 2693 268 2772 apud
290 2686 420 2753 scaenas
442 2701 473 2751 et
494 2689 615 2771 pulpita
638 2708 733 2770 saepe
755 2687 891 2769 capillos

120 2791 223 2857 Texit
246 2791 463 2857 Acharncnsis
484 2790 640 2855 Bacchica
662 2790 752 2853 frons
775 2791 924 2852 hederae.

60 2892 167 2958 Parva
189 2895 263 2958 licet
284 2903 317 2956 te
338 2897 458 2957 condat
478 2894 609 2967 humus,
633 2902 689 2968 te,·
705 2889 860 2973 temporis
884 2911 981 2954 ornne·

121 2998 223 3078 Quod
247 2995 351 3073 venit,
374 2995 405 3059 in
427 2996 538 3058 charta
560 3015 623 3058 non
647 2993 801 3059 moriente
825 2992 926 3058 videt.

596 3179 651 3244 45.

61 3300 174 3366 Inclita
198 3301 298 3367 divini
320 3300 440 3365 cineram
459 3300 540 3364 hace
563 3309 761 3363 monumenta
785 3297 958 3381 Sophoclis

121 3405 250 3486 Serpite
273 3404 459 3487 paullatim,
483 3403 603 3484 serpite
626 3423 688 3466 vos
709 3403 861 3465 hederae.

63 3503 195 3570 Floreat
216 3507 267 3568 hlc
289 3505 355 3574 illic
376 3526 513 3569 vernans
535 3524 610 3567 rosa
632 3525 773 3588 saxaque
795 3507 874 3568 dura

198 3705 259 3750 uua
278 3705 352 3751 Gelae
370 3705 445 3753 Siculi
466 3718 540 3762 prope
557 3704 665 3754 flumina.
701 3699 789 3750 Vestra
808 3706 864 3763 qnld
877 3710 954 3764 'urget

234 3775 314 3831 Usque
332 3774 409 3818 honos
427 3775 507 3831 ciues,
527 3770 691 3830 Cecropidae,
710 3773 820 3818 invidia?

128 3839 173 3904 45]
192 3842 321 3888 Cuniehius
339 3853 393 3888 stc:

197 3913 233 3961 ite
252 3913 413 3967 Sophocleum
427 3912 520 3967 placide
539 3917 650 3970 serpente
669 3912 786 3966 corymbo

232 3981 282 4026 Per
300 3982 417 4026 turnulurn
435 3986 459 4026 et
476 3982 523 4026 vati
542 3983 637 4038 plectite
656 3986 739 4036 serta,
760 3982 883 4037 hederae;

199 4051 263 4094 Vitis
281 4054 305 4095 et
323 4050 432 4094 nvidnlos
450 4051 540 4095 circum
558 4053 599 4096 det
617 4052 678 4095 lucta
696 4064 821 4104 racemos,

234 4119 343 4176 Undique
362 4124 386 4164 et
406 4132 418 4163 e
436 4120 503 4163 molli
521 4133 547 4164 se
564 4133 621 4164 rose
638 4119 720 4164 fundat
738 4121 820 4165 homo.

200 4188 247 4234 Diu
264 4189 310 4232 rlrl
328 4188 375 4232 hoc
391 4188 480 4232 meruit
497 4188 628 4243 snpientia,
647 4189 822 4247 suaviloquenti

237 4257 350 4304 Carmine
369 4257 407 4302 cul
424 4257 508 4301 Musas
526 4258 622 4302 miscuit
638 4262 663 4303 ct
679 4259 801 4302 Charitas.
