2772 4750
389 667 510 742 SEX.
548 650 794 738 AURELII
835 663 1174 737 PROPERTII

569 834 747 903 erretur.
772 843 999 900 sensurus.

532 1214 534 1218 ·
565 1179 663 1239 Linus
685 1177 713 1238 1.
759 1132 937 1243 ELEGIA
963 1173 1012 1236 ll.

228 1346 314 1426 Quid
336 1346 423 1406 irruat
445 1353 562 1406 ornato
585 1344 779 1422 procedere,
804 1340 889 1413 vita,
915 1340 1030 1419 capillo

236 1520 240 1525 p
270 1449 314 1508 Et
336 1458 447 1508 lenires
469 1443 539 1507 Coa
566 1452 652 1503 reste
675 1461 806 1503 movere
828 1440 934 1516 sinus,
1023 1471 1061 1518 ⁴12
1085 1482 1087 1487 -

228 1549 296 1610 Aut
318 1545 393 1629 qnid
416 1545 558 1608 Orontea
580 1542 686 1604 crines
708 1542 904 1621 pertundere
927 1542 1054 1621 myrrha

236 1719 239 1725 ,
291 1651 402 1729 'seque
425 1645 603 1728 peregrinis
627 1646 764 1706 vendere
787 1643 970 1705 muneribus

229 1750 436 1831 Naturaeque
459 1749 553 1809 deeris
577 1756 718 1807 inerrato
741 1746 877 1824 perdere
899 1747 989 1807 siritu

292 1851 364 1912 Nee
386 1848 489 1910 sinere
511 1847 542 1908 in
564 1844 708 1926 propriis
731 1847 871 1906 membra
894 1845 994 1907 nitere
1017 1846 1134 1907 bonis?
1204 1865 1207 1871 ·

231 1949 336 2013 Crede
360 1949 452 2023 inihi,
477 1970 541 2011 non
564 1947 627 2009 ulla
650 1959 721 2007 tuae
744 1956 792 2009 est
811 1945 965 2008 rnedieina
988 1947 1135 2029 figurae:

291 2052 404 2113 Nudus
428 2050 532 2113 Amor
551 2048 676 2110 formae
698 2068 762 2109 non
785 2057 869 2107 amat
891 2046 1056 2108 artificem.

229 2151 392 2230 Adspice,
417 2169 497 2230 qtros
521 2147 683 2209 summittit
706 2149 819 2208 hnunrs
840 2147 984 2210 formosa
1008 2149 1156 2224 cotors-s,

294 2252 339 2315 Ut
361 2250 487 2312 veniant
508 2240 647 2311 hederae
670 2259 784 2328 sponte
807 2269 862 2308 sna
885 2247 1015 2322 melius,

230 2353 349 2435 Surget
371 2361 403 2412 et
425 2350 456 2414 in
478 2350 556 2414 sotis
578 2348 751 2436 formosius
773 2351 905 2410 arbutus
928 2350 1042 2423 antris,

282 2564 321 2622 (tu
343 2565 427 2608 iterata
454 2565 497 2608 trae
520 2563 566 2607 Ed.
592 2563 701 2607 consului
734 2576 804 2606 euras
823 2562 925 2607 Iacobsii
944 2569 968 2608 et
990 2564 1111 2617 aetiten,
1145 2571 1196 2608 turn
1224 2567 1337 2617 Patdami‚

232 2635 313 2679 taeobi
338 2638 362 2677 et
382 2633 527 2677 Laetnrrnnni
547 2633 681 2676 secundas:
709 2627 851 2685 (1.1.)αιιιι
870 2646 897 2675 ea
917 2637 994 2676 tumen
1019 2634 1149 2688 cautione,
1176 2646 1247 2690 quarn
1265 2636 1338 2677 suade·

231 2705 272 2747 bat
289 2702 412 2754 severior,
443 2703 484 2745 sed
510 2702 533 2744 iu
558 2701 638 2744 inuitis
657 2698 786 2744 iustissima
812 2700 896 2742 harum
914 2702 986 2744 trium
1004 2701 1066 2745 Eua.
1087 2701 1197 2746 Censura
1214 2702 1338 2757 Lipsiensis

233 2766 308 2816 1830.
329 2784 352 2826 p.
373 2765 431 2815 5⁰5.
462 2770 550 2827 Magno
564 2783 637 2823 opere
656 2773 735 2812 autern
752 2770 882 2812 laudandus
901 2783 930 2813 eo
954 2770 1050 2813 nornine
1068 2775 1106 2814 est
1123 2768 1190 2824 La„
1215 2772 1279 2827 quod
1299 2772 1339 2824 pte·

231 2853 317 2897 rasqus
341 2852 397 2883 snas
425 2840 574 2882 coniecturas
598 2842 718 2895 tarnqnnrn
737 2838 884 2881 certissimas
901 2838 969 2893 prius
988 2853 1002 2881 a
1025 2851 1051 2882 se
1070 2840 1210 2894 propositas
1229 2845 1339 2894 receptus·

232 2923 277 2965 que
295 2909 367 2952 taeite
386 2921 446 2951 uuue
464 2904 575 2963 reiecit.)

649 3029 703 3078 Lis.
726 3031 744 3074 Ι.
781 3028 878 3075 ELEG.
898 3029 931 3074 11.

283 3119 308 3165 2.
329 3116 378 3164 Con
406 3125 485 3172 reste,
513 3117 655 3170 bornbrrinu
680 3130 701 3160 s.
727 3117 819 3169 serien,
848 3117 979 3170 pellucido,
1009 3119 1032 3159 et
1059 3103 1130 3173 quasi
1146 3119 1238 3170 vitrea,
1268 3119 1339 3174 quates

231 3188 356 3243 bornbyeia
378 3201 405 3231 er
433 3187 516 3231 uttirno
537 3190 630 3229 oriende
649 3187 720 3227 attatu
747 3189 913 3241 retorquentes
942 3186 1055 3228 mutieres
1077 3186 1100 3228 in
1128 3187 1164 3229 Co
1188 3188 1266 3229 insuta
1285 3192 1339 3230 tere·

231 3260 296 3302 bant.
325 3271 349 3300 v.
368 3256 470 3300 Aristot.
498 3255 528 3298 11.
549 3261 577 3298 Α.
599 3251 623 3298 5.
652 3252 693 3299 19.
718 3266 741 3308 p.
771 3250 829 3297 523.
850 3252 908 3297 css.
928 3253 1088 3297 Heindoriad
1111 3256 1172 3298 Hor.
1195 3257 1247 3299 Sat.
1269 3254 1296 3307 1,
1314 3252 1338 3304 2,

234 3323 292 3371 101.
350 3321 373 3367 3.
399 3322 509 3367 Orontea
536 3323 565 3365 atr
595 3321 704 3374 Oronte,
735 3322 819 3375 Suriae
849 3321 941 3365 ssuvio.'
988 3319 1012 3366 5.
1041 3321 1151 3378 prodero
1175 3323 1261 3366 Burin.
1284 3323 1338 3366 coni.

232 3393 258 3438 8.
288 3389 404 3450 sormam
433 3391 517 3434 Heius.
554 3390 637 3433 Burin.
673 3391 757 3443 Kuin.‚
794 3394 820 3433 ut
847 3390 918 3433 Pers.
952 3388 981 3443 5,
1016 3386 1058 3435 10.
1127 3390 1151 3438 9.
1181 3405 1244 3449 qnos
1273 3391 1338 3434 Godd.

232 3462 356 3514 unctiores,
385 3459 432 3504 tae.
458 3459 528 3503 Patri.
547 3478 581 3488 -
599 3464 656 3516 quent
675 3461 760 3503 Volso.
784 3460 873 3517 Vntgo.
902 3479 930 3490 -
957 3471 1003 3516 quo
1033 3472 1098 3504 sum.
1119 3457 1166 3503 Lu.
1188 3462 1211 3503 id
1231 3464 1308 3511 esset,
1324 3458 1339 3500 si

232 3531 333 3588 benigne
355 3529 506 3583 interpretari
532 3528 605 3571 retis:
625 3529 740 3581 „adspice
759 3542 803 3581 eo,
830 3529 869 3571 ubi
891 3528 955 3571 eet.”
973 3529 1034 3584 quod
1054 3529 1111 3572 mitt
1130 3533 1269 3572 contortum
1286 3529 1340 3570 ride·

230 3605 278 3643 tur.
316 3598 407 3651 ummo,
428 3603 452 3641 ut
479 3610 562 3640 ornnes
581 3595 664 3639 Latine
680 3587 783 3640 seientes
801 3609 848 3639 uno
872 3609 914 3639 ors
934 3593 1123 3650 profitebuntur,
1145 3598 1287 3640 inantfestus
1312 3598 1340 3638 est

230 3680 317 3720 error,
341 3674 416 3722 ‘quern
446 3667 477 3709 V.
502 3665 533 3709 D.
566 3678 685 3721 nunqnam
703 3666 812 3718 recipere
830 3665 960 3709 debuisset.
1018 3662 1059 3709 10.
1080 3671 1107 3709 ut
1127 3667 1203 3708 ttatus
1223 3669 1338 3710 corrector

231 3738 254 3780 in
276 3735 346 3779 statii
365 3734 425 3776 Cod.
451 3735 523 3789 Vutp.
549 3734 578 3777 L.
599 3756 630 3767 -
650 3737 674 3776 et
691 3734 786 3789 reliqui.
807 3734 856 3778 lae.
876 3730 922 3779 1⁴2.
944 3746 1044 3786 prorsus
1062 3736 1143 3777 tuxntn
1159 3734 1337 3777 construetione.

232 3802 274 3849 11.
282 3799 433 3863 formosius]
450 3801 624 3862 Negtigsntinnr
639 3803 698 3845 trane
714 3802 817 3846 defendit
830 3802 1034 3846 Hemsterhusios.
1044 3799 1193 3859 -selr'cins
1206 3803 1305 3846 Laehrn.
1316 3820 1338 3831 ·-

226 3872 357 3931 pomosior
375 3871 457 3915 Heius.
478 3895 511 3906 -
522 3867 674 3930 frondosior
689 3872 766 3915 Bentt.
787 3872 857 3925 prob.
874 3871 944 3914 Pntd.
958 3869 1050 3914 Contra
1068 3884 1113 3925 pro
1131 3868 1224 3913 diurnus
1231 3867 1340 3930 j'ornsoss

231 3942 330 3986 Watsst.
349 3940 444 3986 rotebnt
463 3938 555 3985 dumus
572 3951 621 3982 non
644 3952 727 3984 uersu.
784 3936 825 3984 13.
845 3939 882 3983 tls
903 3939 932 3982 L.
952 3952 982 3982 ex
1006 3938 1082 3982 Godd.
1111 3940 1245 3996 perlucens
1263 3938 1341 3981 mnu

232 4010 337 4054 ttnsetdr.
357 4011 386 4055 nd
406 4009 461 4055 tun.
484 4009 512 4061 1,
543 4005 573 4059 7,
604 4004 646 4049 21.
675 4008 772 4051 nativos
790 4021 837 4063 per
856 4021 883 4051 se
901 4007 961 4051 dent
978 4008 1050 4064 picto
1066 4008 1189 4065 lapillos,
1208 4005 1243 4052 Et
1259 4009 1341 4050 canan

250 4079 297 4121 eat.
317 4080 381 4121 cont.
406 4079 477 4134 rotgo
499 4077 605 4126 recepta.
663 4070 703 4120 15.
723 4074 889 4128 Responderat
906 4076 1040 4129 Leucippus
1058 4076 1172 4120 Phoeben
1193 4081 1218 4120 et
1235 4076 1340 4120 flituirrn

219 4080 328 4205 {Lenaeo
345 4150 369 4188 et
388 4146 462 4195 idas,
490 4140 595 4192 Apharei
614 4137 691 4194 ntns;
711 4141 797 4184 Castor
818 4157 845 4187 ae
860 4145 947 4189 Pnttux
969 4156 1009 4188 ens
1031 4152 1148 4199 rapuere5
1169 4149 1251 4199 raptus
1270 4142 1340 4199 sponsi

218 4210 409 4297 {repetirerunt¹
432 4212 473 4253 sed
488 4224 500 4250 n
512 4206 627 4250 stratibus
643 4209 715 4251 occisi
727 4215 789 4252 sunt.
801 4211 880 4266 (Pind.
900 4212 968 4257 Neur.
983 4209 1028 4266 to,
1052 4204 1119 4262 110.
1136 4213 1243 4258 Theorr.
1257 4214 1293 4257 11.
1307 4207 1339 4254 21.

217 4298 226 4367 t

217 4370 224 4385 ³
246 4378 251 4401 s
