2762 4760
1152 197 1171 259 0

53 348 255 436 reliquarum
292 370 330 413 ac
363 347 550 432 praesertim
578 348 837 434 Gtasguensisp)
864 350 968 435 copiis
997 355 1171 419 observare

53 452 204 530 licuerit,
240 451 351 535 paucis
384 467 557 534 exponam.
627 451 828 517 Brixiensem
857 475 875 517 c
906 440 1048 519 melioris
1077 466 1172 521 notae

53 555 173 620 codice
192 559 317 618 ductam
337 576 404 619 esse
425 565 624 636 compertum
647 555 768 631 babeo,
790 576 890 641 eaque
907 580 1003 643 quum
1019 557 1172 623 caruisset

52 659 296 733 Wakefieldus,
325 657 528 732 factumest,
556 666 590 719 ut
612 655 712 720 minus
734 669 855 722 certum
878 662 916 723 de
939 671 1082 724 veterum
1104 660 1171 725 edi-

50 760 180 824 tionum
211 759 403 823 lcctionibus
433 780 528 842 saepe
556 757 706 822 indicium
738 760 852 825 ferret.
896 763 950 824 Ex
979 761 1043 826 alio
1066 774 1170 827 autem

50 861 143 924 libro
162 861 331 926 vitiosiore
342 860 435 924 fluxit
446 860 661 937 Veronensis,
676 861 815 925 fideliter
829 863 965 945 repetita
980 863 1012 926 in
1027 868 1168 941 Veneta,

54 962 225 1027 erroribus
251 963 377 1029 nonnisi
400 986 570 1047 operarum
593 975 624 1028 et
649 960 847 1045 paucissimis
868 965 1170 1047 interpolationibus
1228 1045 1230 1049 Ι

53 1065 261 1140 correctori,
303 1077 337 1127 ut
363 1065 497 1148 opinor,
541 1064 698 1141 subnatis,
742 1069 797 1128 sed
826 1066 1014 1152 plerumque
1042 1069 1168 1150 pravis,

50 1166 257 1248 discrepante
273 1168 312 1228 ab
326 1166 394 1230 illa.
438 1169 668 1248 veneramur)
691 1166 821 1243 deinde,
844 1189 910 1232 non
927 1170 1168 1244 Veronensem,

28 1323 30 1326 ,
50 1281 86 1331 ut
107 1280 199 1332 ratus
220 1280 267 1331 est
286 1269 520 1346 Wakefieldus,
543 1269 722 1333 emendavit
745 1269 965 1349 Hieronymus
986 1271 1168 1346 Arauricus,

49 1371 111 1455 qui
143 1371 221 1434 scite
252 1369 428 1446 interdum,
465 1369 661 1454 frequentius
689 1382 810 1447 tamen,
848 1383 883 1433 ut
908 1372 1065 1437 Italorum
1093 1383 1168 1436 tunc

48 1471 211 1554 temporis
225 1493 294 1535 mos
310 1483 396 1548 erat,
420 1470 618 1534 audacissimi
636 1470 894 1554 interpolatoris,
918 1496 1012 1558 quam
1030 1473 1167 1539 circum-

49 1574 155 1655 specti
186 1573 291 1637 critici
316 1584 424 1655 partes
451 1595 547 1657 agere
574 1572 693 1636 maluit.
738 1575 917 1638 Profitetur
938 1575 993 1639 ille
1020 1576 1165 1661 quidem,

51 1675 163 1739 nescio
184 1697 246 1759 qua
270 1674 410 1759 gloriola
430 1678 558 1751 ductus,
587 1696 620 1738 sc
642 1674 789 1738 Lucretii
809 1679 926 1758 poe'ma
945 1676 1012 1740 sine
1034 1678 1165 1764 antiquo

50 1776 232 1860 exemplari
259 1780 456 1852 emendasse,
492 1781 548 1840 sed
574 1779 705 1841 eundem
734 1788 950 1843 veteratorem
979 1781 1041 1842 hac
1065 1779 1099 1842 in
1130 1803 1165 1842 re

50 1879 265 1962 deprehendi,
289 1879 407 1965 quippe
428 1879 483 1964 qui
505 1902 615 1943 versus
645 1879 770 1965 aliquot
803 1879 929 1943 minime
958 1879 1164 1957 subditicios,

49 1981 197 2066 quamvis
212 2003 231 2044 a
244 1981 524 2064 praecedentibus,
547 1981 575 2044 si
587 1984 666 2046 fides
682 1984 848 2058 Gerardo,
869 1981 1015 2046 omnibus
1027 1983 1165 2049 omissos

47 2085 106 2164 (2,
130 2085 228 2148 1139.
273 2084 309 2160 3,
332 2085 407 2147 866.
449 2085 620 2164 5,1011.)
652 2082 716 2147 suis
737 2085 819 2148 locis
840 2083 1024 2150 inseruerit.
1069 2088 1164 2150 Hanc

47 2198 153 2250 autem
173 2185 321 2250 Aldinam
343 2184 487 2268 priorem
510 2185 691 2250 examinare
715 2209 811 2271 quum
833 2186 1025 2272 neglexisset
1043 2190 1163 2253 Wake-

46 2289 180 2364 fieldus,
216 2310 286 2352 cum
315 2287 348 2350 in
370 2309 516 2351 errorem
542 2287 671 2364 incidit,
709 2299 743 2351 ut
767 2311 848 2374 quae
871 2289 1013 2353 Avancii
1040 2304 1161 2367 essent,

46 2402 164 2454 cuncta
189 2390 254 2454 Pio
282 2411 451 2472 perperam
475 2389 643 2454 tribueret.
697 2388 778 2455 Pius
810 2389 892 2455 enim
923 2392 1086 2457 rarissime
1120 2397 1159 2457 ab

45 2491 200 2557 Avancio
218 2491 362 2556 discessit
378 2496 436 2574 (1,
454 2493 527 2556 103.
551 2494 588 2569 0,
605 2493 695 2574 501.)
709 2496 795 2558 bona
810 2505 904 2579 atque
917 2494 1025 2577 inepta
1039 2496 1161 2578 pariter

43 2595 247 2680 subripiens3
275 2595 383 2677 prisca
406 2616 485 2660 vcro
508 2594 718 2678 exemplaria,
742 2618 823 2681 quae
847 2596 1018 2661 identidem
1039 2599 1160 2673 laudat,

42 2698 165 2780 passim
196 2696 455 2781 interpolationis
489 2708 635 2781 suspecta
670 2709 765 2775 sunt,
802 2698 937 2762 Marulli
972 2700 1159 2781 praesertim

42 2804 168 2865 codex.
256 2854 260 2860 .
736 2810 739 2818 '
1125 2877 1129 2882 .

109 2904 152 2966 In
173 2901 335 2967 Catulli
357 2900 576 2984 Epithalamio
599 2900 690 2966 Pelei
717 2923 755 2964 ac
783 2902 1020 2986 Thetidisfit't‘d‘)
1047 2927 1158 2970 recen·
1204 2926 1208 2931 ⁴

40 3007 145 3068 sendo
157 3026 230 3067 usus
242 3026 310 3067 sum
321 3004 439 3069 Aldina
450 3015 594 3089 utraque,
610 3003 758 3069 Parisina
770 3027 800 3068 c.
814 3026 847 3068 n.
862 3008 945 3070 Var.
959 3007 1032 3070 anni
1044 3009 1157 3082 tuot„

110 3211 381 3273 (³²)G1asguae1813.
410 3211 436 3259 1t.
463 3216 521 3260 Vol.
535 3213 559 3260 8.
602 3216 691 3274 Magna
714 3217 757 3259 dos
775 3214 845 3258 huius
863 3216 974 3259 editionis
998 3222 1035 3260 est
1061 3219 1157 3262 collatio

38 3286 87 3331 Ed.
107 3284 245 3328 Brixiensis
263 3297 284 3329 s.
304 3299 327 3330 a.
349 3282 453 3340 (tttt.)
478 3286 626 3330 Veronensis
647 3281 723 3328 1186.
748 3285 853 3328 Venetae
875 3282 949 3330 1495.
980 3287 1077 3331 nvanctt
1096 3290 1156 3343 apud

38 3356 131 3400 didam
153 3349 227 3401 1500.
248 3367 301 3397 cum
318 3356 445 3410 Bipoutina
463 3351 556 3409 1782„
581 3367 640 3410 qnae
661 3354 786 3407 Creechii,
810 3355 834 3397 id
852 3359 902 3408 est,
922 3355 1031 3400 Lambini
1051 3358 1156 3400 ultimam

37 3424 211 3470 recensionem
229 3425 349 3481 sequitur,
368 3438 383 3467 a
400 3425 488 3468 loanue
507 3423 617 3469 Gerar-do
635 3423 814 3469 accuratissime
834 3424 951 3470 confecta.

93 3489 147 3552 (1¹²1)
166 3492 224 3537 Cir.
239 3493 266 3548 l,
287 3491 347 3538 tta.
367 3490 457 3555 efferre
473 3494 533 3539 Ver.
550 3489 667 3553 perfirrc
685 3496 747 3540 Ven.
766 3495 812 3542 dv.
827 3490 857 3548 3,
879 3491 955 3539 1008.
974 3491 1077 3556 infimus
1094 3496 1153 3540 Ver.

36 3562 173 3621 improbus
191 3563 252 3610 Ven.
271 3561 316 3608 Av.
612 3614 616 3620 „

93 3628 160 3690 (Μ)
177 3631 298 3677 Festivom
316 3634 457 3692 allegoriam
475 3633 575 3677 convivii
594 3633 660 3677 iltius
674 3633 785 3688 nuptialis
797 3630 871 3675 babes
887 3633 911 3675 in
924 3631 1153 3689 clementinis,

36 3698 196 3755 Remittat,
218 3698 259 3747 ll.
292 3723 321 3734 -
352 3698 386 3751 τὸ
405 3698 436 3750 ot
454 3696 623 3766 συμπόσιον
640 3697 676 3750 τὸ
694 3695 855 3766 γαμήλιον,
887 3693 962 3749 ἔνθα
984 3699 1019 3752 τὸ
1038 3700 1155 3754 δεῖπνον

35 3769 133 3821 ἐτέλει
149 3765 223 3831 Ζεὺς
248 3762 323 3840 ὑπέρ
349 3784 381 3820 τε
399 3766 452 3833 τῆς
467 3769 611 3839 Νηρεΐδος
628 3767 749 3829 Θέτιδος
765 3768 816 3817 καὶ
833 3767 889 3819 τοῦ
907 3767 1000 3821 καλοῦ
1017 3770 1152 3840 Πηλέως,

35 3834 223 3910 α’λληγορίαν
239 3832 304 3902 ἔχει
321 3837 449 3904 ταύτην·
479 3865 513 3874 -
541 3837 576 3890 τὸ
595 3836 704 3904 μὲνδὴ
724 3836 910 3903 συμπόσιον,
934 3832 1100 3906 ὁκόὸμος·
1125 3847 1157 3897 οἱ

35 3908 68 3959 δὲ
88 3905 220 3970 δώδεκα,
246 3902 374 3979 οὐράνια
390 3905 449 3958 τῶν
466 3906 579 3978 μοιρῶν
596 3908 871 3991 ποεριστηρίιγματα,
889 3902 976 3959 ἅτινα
994 3907 1082 3972 §addan
1099 3929 1154 3964 κα·
1176 3956 1178 3967 .

35 3975 161 4028 λοῦσιν·
174 3973 367 4049 Προμηθεύς,
380 3971 400 4044 ἦ
412 3975 594 4061 προμήθεια,
606 3981 658 4041 υφ’
670 3970 707 4045 ἧς
718 3993 755 4030 τα
767 3974 864 4028 πάντα
872 3975 1008 4043 ἐγένετο·
1026 3979 1152 4047 Πηλεύς,

35 4042 165 4113 ὁπηλὸς
177 4042 194 4098 ὁ
206 4042 266 4097 ἀπὸ
286 4045 341 4112 γῆς
367 4049 408 4109 εἰς
426 4043 584 4115 avbpulaou
594 4048 717 4115 ,γένεσιν
734 4047 919 4117 asperoque,
935 4048 987 4098 καὶ
1003 4051 1152 4118 perpetrm}

34 4114 173 4188 Νηρεΐδι,
202 4118 356 4167 τουτέστιν
381 4111 481 4169 ὕδατι·
512 4114 546 4167 ἐκ
569 4116 600 4168 δὲ
623 4115 677 4183 τῆς
693 4115 753 4169 τῶν
770 4112 825 4166 δύο
841 4111 964 4182 μίξεως,
994 4112 1104 4182 ὕδατός
1120 4106 1152 4172 ’ἱε
1229 4139 1232 4146 ’

35 4186 89 4235 καὶ
106 4182 176 4251 γῆς,
204 4179 373 4257 ὁπρῶτος,
400 4182 436 4237 ori
455 4185 619 4252 praestata,
649 4182 723 4238 oillei
740 4183 880 4247 atauus,
896 4185 1020 4248 τέλειος,
1048 4185 1096 4238 διὰ
1115 4185 1149 4239 τὸ
1176 4205 1180 4215 ·

34 4257 143 4319 μαζοϊς
160 4254 242 4320 χείλη
260 4250 302 4323 μὴ
321 4259 522 4327 auocarentur
538 4252 678 4320 Ἀχιλλεὺς
694 4251 917 4328 προςηγορεύῧη
936 4271 962 4305 κ.
981 4269 1006 4307 τ.
1024 4254 1048 4305 λ.
