2750 4744
49 342 148 405 Haec
172 339 348 405 Calabrum
372 337 462 402 coxit
484 337 596 402 vitiato
619 338 737 402 murice
760 340 881 415 velius;

49 443 148 506 Haec
172 444 304 505 baccam
327 441 469 504 conchae
491 440 606 503 rasisse
629 452 661 502 et
683 440 838 526 stringere
862 462 959 506 venas

49 543 237 607 Ferventis
261 564 381 607 massae
404 545 504 606 crudo
528 545 565 605 de
587 532 721 625 pulvere
742 542 845 606 iussit.

50 647 179 709 Peccat
202 656 233 708 ct
254 646 351 721 haec,
375 656 508 727 peccat:
535 644 615 709 vitio
637 657 741 708 tamen
763 645 875 709 utitur.
920 648 966 710 At
989 669 1048 711 vos

50 747 185 823 Dicite,
208 746 396 828 pontifices,
420 746 452 808 in
474 767 567 810 sacro
591 746 667 830 quid
688 745 766 809 iacit
788 748 923 811 aurum?

51 851 186 930 Nempe
208 850 289 924 boc,
315 851 403 932 quod
424 847 548 911 Veneri
573 849 707 912 donatae
731 870 747 911 a
773 849 897 935 virgine
919 870 1060 932 puppae.

53 950 146 1030 Quin
170 954 278 1013 dantus
300 950 332 1012 id
354 948 502 1031 superis,
528 952 566 1012 de
588 971 703 1034 magna
726 955 813 1033 quod
836 955 912 1015 dare
934 952 1024 1016 lance

51 1054 136 1116 Non
159 1051 264 1134 possit
286 1051 395 1135 magni
417 1044 580 1115 Messalae
602 1051 690 1134 lippa
712 1074 885 1138 propago:

53 1152 285 1235 Compositum
308 1153 358 1216 ius
380 1154 493 1236 fasque
516 1153 620 1217 animo
644 1166 837 1237 sanctosque
858 1176 1007 1219 recessus

53 1256 184 1318 Mentis
207 1267 237 1317 et
258 1255 420 1341 incoctum
444 1275 604 1338 generoso
626 1268 738 1336 pectus
760 1258 917 1321 honesto:

53 1358 153 1420 Haec
175 1359 275 1431 cedo,
301 1369 335 1418 ut
357 1359 543 1420 admoveam
566 1357 710 1439 templis,
736 1369 768 1420 et
789 1357 876 1423 farre
898 1359 1012 1425 litabo.

421 1581 595 1644 SATIRA
627 1581 820 1645 TERTIA.

102 1718 249 1800 „Nempe
272 1720 334 1782 hoc
355 1716 503 1780 assidue?
525 1718 592 1782 iam
614 1720 734 1782 ciarum
758 1740 848 1783 mane
869 1719 1028 1784 fenestras

56 1825 165 1887 Intrat
187 1832 219 1884 et
241 1832 391 1904 angustas
413 1821 556 1884 extendit
577 1820 693 1884 iumine
714 1820 823 1884 rimas.

57 1925 249 1999 stertimus,
274 1922 458 1986 indomitum
481 1925 569 2006 quod
591 1926 778 2004 despumare
801 1922 972 1986 Falernum

57 2025 221 2100 Sufficiat,
248 2023 356 2108 quinta
381 2025 452 2086 dum
476 2024 555 2086 linea
578 2024 721 2107 tangitur
744 2026 869 2086 umbra.

56 2128 111 2189 En
140 2126 218 2210 quaid
239 2125 330 2209 agis?
352 2124 461 2188 Siccae
483 2125 591 2187 insana
614 2124 757 2193 canicula
780 2147 897 2189 messes
1164 2131 1183 2192 5

55 2228 129 2290 Iam
153 2230 268 2289 dudum
292 2227 402 2310 coquit
424 2237 456 2290 et
476 2229 585 2308 patula
607 2248 706 2308 pecus
730 2248 822 2291 omne
846 2231 904 2290 sub
928 2229 1014 2292 uinm
1037 2229 1120 2292 est.''

57 2331 153 2393 Unus
176 2328 219 2391 ait
242 2328 404 2393 comitum.
427 2350 469 2374 -·-
492 2327 707 2401 „Verumne‘l
729 2328 838 2393 itane?
862 2329 953 2393 ocius
976 2331 1055 2394 adsit

132 2545 175 2592 65.
194 2544 257 2590 baec
282 2547 372 2592 Omnes
401 2549 458 2592 mei.
525 2545 566 2593 69.
586 2565 620 2578 -
636 2545 736 2591 Discite
759 2549 791 2592 V.
847 2548 883 2594 ib.
904 2549 931 2593 in
949 2547 1035 2608 adero]
1053 2552 1084 2595 V.
1105 2568 1139 2584 -
1157 2552 1186 2605 ira

57 2621 149 2662 sancto
164 2616 286 2660 ΤΒΕΑΜ.
307 2638 337 2648 ·-
357 2616 487 2661 incurris
509 2616 539 2664 F.
559 2639 583 2650 -
605 2615 745 2660 inassuetis
762 2618 791 2661 F.
811 2640 837 2651 -
856 2618 992 2675 intemplo
1014 2621 1039 2663 S.
1060 2620 1094 2676 (et
1108 2620 1140 2673 R.
1160 2622 1184 2664 in

56 2683 153 2744 marg.)
190 2685 253 2740 (Cir.
272 2686 392 2730 victorin.
411 2686 435 2729 in
463 2686 515 2730 Cic.
537 2685 608 2729 Rhet.
631 2685 686 2730 Lib.
713 2683 738 2732 2.
768 2700 792 2741 p.
817 2683 877 2730 218.
905 2687 980 2742 Capu.
1001 2688 1044 2746 qui
1066 2702 1128 2732 oceo
1149 2703 1183 2731 ex

53 2755 159 2812 privato
178 2767 255 2798 acero
276 2755 404 2812 surripuit
422 2754 461 2799 nel
481 2756 509 2798 de
529 2768 598 2798 sacro
613 2752 738 2812 priosta.)
788 2752 830 2800 71.
850 2779 883 2789 -
902 2754 991 2800 demus
1012 2757 1038 2799 S.
1088 2755 1130 2802 72.
1153 2778 1182 2788 -

57 2824 180 2868 messella
198 2823 228 2867 Α.
268 2821 309 2868 73.
330 2822 425 2883 animo]
444 2823 505 2867 Cod.
525 2823 617 2867 Ebner.
637 2837 698 2878 rpw.
721 2842 753 2859 ι·
772 2823 853 2867 aniani
876 2824 967 2869 Omnes
992 2825 1048 2869 snei.
1088 2823 1129 2870 75.
1151 2848 1184 2859 -

51 2892 194 2937 admoneus
212 2892 242 2936 E.
263 2892 303 2951 (In
322 2895 347 2938 S.
367 2906 490 2948 superscr.
508 2897 534 2936 ut
551 2891 685 2948 moneam.)
721 2893 757 2938 lb.
780 2915 809 2925 -
829 2893 900 2938 litato
918 2893 948 2937 E.
969 2916 1002 2928 -
1021 2893 1105 2938 libabo
1123 2895 1183 2938 alias

57 2961 139 3006 litabo
157 2963 188 3005 T.

132 3031 250 3076 sarum
268 3032 313 3075 iii.
352 3028 376 3074 1.
402 3027 458 3088 ltoc]
486 3030 539 3074 ΤΑ.
560 3051 594 3066 -
612 3027 673 3074 itoee
693 3030 814 3076 RVESM.
861 3028 887 3074 2.
907 3052 942 3067 -
959 3029 1068 3075 ostendit
1084 3031 1182 3075 TESM.

60 3097 85 3146 5.
106 3123 142 3134 -
160 3100 201 3144 oie
219 3100 272 3145 TE.
311 3098 335 3146 6.
356 3122 385 3133 --
406 3099 452 3143 sub
469 3100 536 3143 ulmo
554 3114 603 3144 om.
622 3105 661 3144 eat
677 3100 731 3147 TV.
770 3096 794 3143 7.
815 3122 847 3133 —
866 3099 921 3143 itan
938 3098 1055 3144 ber-ocius
1074 3097 1132 3157 (sic)
1150 3101 1182 3146 V.

58 3194 93 3205 —
112 3171 181 3214 assit
198 3171 269 3215 'i'ilS.

134 3328 174 3376 65.
194 3328 228 3374 Et
239 3326 372 3374 Calabrum
385 3344 407 3373 r.
446 3328 487 3376 69.
507 3331 533 3374 in
546 3335 634 3375 saneto
645 3331 676 3374 P.
710 3317 753 3373 73.
773 3292 854 3373 anime·
868 3328 899 3374 P.
932 3325 973 3375 li.
993 3319 1192 3394 generosump.

62 3434 216 3445 .--..
1098 3410 1118 3451 d

132 3487 175 3536 70.
202 3489 318 3534 Donatus
337 3505 353 3533 a
376 3490 475 3550 uirgine
490 3489 602 3550 puppes]
627 3491 742 3536 Sciebant
759 3490 881 3549 virgines,
901 3494 1028 3546 antequam
1049 3488 1183 3545 nuberent,

58 3561 178 3615 quaedem
203 3560 347 3618 virginitatis
368 3573 425 3604 suae
452 3562 515 3603 dona
538 3561 628 3605 Veneri
653 3573 807 3605 consecrare.
853 3559 904 3602 iioc
933 3563 957 3602 et
979 3561 1059 3603 Varro
1089 3560 1184 3605 scribit.

59 3625 104 3673 72.
125 3626 254 3672 ilieaselae
272 3630 342 3687 lippo
357 3628 484 3688 propago]
503 3630 599 3674 Cottam
616 3630 774 3674 Messalinum
792 3628 866 3682 dicit,
887 3628 927 3685 qui
945 3632 994 3671 tarn
1012 3624 1112 3673 vitiosos
1129 3643 1186 3674 ocu-

58 3699 98 3740 los
116 3699 141 3741 in
159 3703 279 3751 senectute
301 3699 400 3753 babuit,
434 3703 459 3742 nt
477 3700 604 3754 palpebrae
625 3697 676 3744 eius
698 3701 721 3743 in
744 3698 891 3742 exteriorem
912 3702 1004 3753 partem
1022 3703 1184 3744 verterentur.

57 3766 104 3809 iile
124 3767 154 3810 ab
178 3767 278 3811 Aurelio
302 3768 373 3812 Cotta
400 3769 525 3822 adoptatus
549 3768 662 3812 Aurelius
681 3768 802 3811 Maximus
821 3766 961 3822 dicebatur,
993 3768 1113 3827 originem
1137 3772 1186 3811 tra·

57 3836 120 3879 bens
135 3833 166 3879 ab
183 3835 284 3880 Aurelio
307 3838 427 3884 Messala.
448 3838 487 3893 qui
505 3838 585 3881 sexies
607 3838 657 3893 (Sic
674 3837 743 3881 Reiz.
761 3835 814 3880 Gir.
832 3835 988 3881 AimeIoveen
1011 3836 1098 3881 Festos
1120 3838 1185 3880 ada.
1262 3891 1265 3896 ι

59 3919 85 3948 u.
107 3919 131 3948 c.
151 3901 212 3950 ibi.
231 3929 265 3939 -
283 3907 376 3962 septica
393 3907 459 3951 Pith.
506 3907 621 3951 Ceterum
639 3919 721 3950 rerum
741 3906 792 3949 eius
814 3918 918 3961 nomen,
940 3911 965 3950 ut
983 3919 1066 3951 omues
1088 3909 1185 3958 norunt,

59 3979 98 4018 est
117 3974 154 4017 Μ.
174 3976 287 4019 Valerius
307 3975 436 4030 Corvus:)
454 3975 500 4020 fuit
519 3976 611 4020 consul.
650 3976 695 4032 Qui
714 3989 785 4032 quom
803 3989 818 4018 a
838 3977 939 4032 quodam
958 3975 1028 4019 Gaiio
1050 3977 1078 4017 ad
1100 3986 1186 4027 mosao·

57 4044 179 4086 maehiam
198 4045 221 4087 in
250 4046 342 4100 praeiio
367 4050 507 4099 vocaretur,
539 4058 625 4090 corvus
643 4059 716 4100 super
739 4046 832 4104 galeam
851 4044 875 4088 in
895 4045 972 4099 capite
991 4044 1042 4086 eius
1061 4042 1136 4094 sedit,
1163 4044 1187 4083 et

58 4113 124 4155 victo
142 4114 211 4156 hoste
230 4113 350 4158 Corvinus
368 4119 466 4157 vocatus
485 4119 531 4158 est.
1012 4159 1014 4162 ⁴

131 4182 257 4226 saulus.
277 4182 323 4227 iii.
363 4182 386 4227 1.
409 4183 475 4226 lianc
490 4184 588 4226 satiram
609 4188 680 4238 podia
699 4194 729 4228 ex
746 4182 834 4227 Lucilii
854 4180 917 4223 iibro
939 4182 1026 4234 quarto
1047 4176 1185 4227 transtulit,

58 4252 201 4309 castigantis
220 4253 319 4295 divitum
337 4254 456 4296 luxuriam
475 4257 499 4295 et
517 4252 583 4296 vitia.
