2736 4748
38 351 204 440 Ingemuit
227 351 370 431 citharae
392 348 563 432 filiumque
586 348 703 414 oblitus
725 349 868 432 Apollo,
912 424 917 433 ‚

27 454 31 459 ’
103 455 270 520 Pieridum
292 451 431 517 lacrimis
453 454 660 534 permadnere
683 472 807 536 genae,

38 557 137 621 Vatis
161 557 204 619 ob
227 555 406 629 interitum3
429 553 804 634 sonueruntplauetihm
827 553 898 618 orni

105 658 153 721 Et
175 657 272 720 tolita
292 654 377 719 illius
400 653 539 718 carmine
561 675 639 718 saxa
660 653 758 719 trahi.

591 841 624 904 l.

43 961 191 1025 Arenatae
212 942 372 1024 ‹loaulnluu
395 957 539 1022 fidio'hlc
560 964 699 1039 posuere
721 928 880 1022 Camenae

108 1061 263 1126 Occisum
284 1059 417 1123 flammis
440 1058 573 1142 Orphea
595 1060 723 1122 'l'hraca
746 1059 850 1124 lovis.

586 1245 621 1308 5.

47 1363 180 1431 Oecalit
202 1361 359 1428 aetherios
381 1360 472 1446 ignes
493 1360 660 1447 ipsamque
682 1383 828 1427 sororem

107 1466 184 1543 Sol,
207 1466 345 1548 tepidum
369 1464 470 1528 nitido
491 1486 586 1549 quum
612 1465 699 1527 vehit
720 1485 779 1527 axe
801 1464 903 1531 diemt

44 1567 121 1630 Non
145 1567 237 1629 aliter
260 1577 403 1628 veterum
425 1564 520 1628 eesslt
542 1562 599 1627 ribi
622 1562 876 1649 gloria'vatum,

108 1669 213 1732 Ortus
236 1688 270 1730 es
293 1677 327 1729 ut
349 1666 454 1729 Mucia
476 1666 599 1745 lumen,
624 1666 786 1746 Homere,
810 1688 944 1732 novum.

580 1851 614 1913 6.

46 1972 122 2035 Non
146 1969 257 2055 genuit
278 1971 433 2049 Smyrnae
456 1967 597 2032 divinum
618 1990 749 2052 campus
771 1970 971 2053 Homerum,

109 2076 188 2136 Non
211 2072 386 2153 Colophon
409 2070 497 2133 molli
520 2069 606 2132 cidus
628 2070 658 2131 in
682 2070 791 2146 Ionia,

47 2176 122 2239 Non
148 2174 298 2269 Cyprus,
323 2166 387 2236 non
410 2166 541 2253 pulchra
565 2169 688 2248 Chloe,
713 2193 777 2235 uon
799 2194 877 2236 arva
901 2172 1046 2258 Canopi,

108 2279 189 2340 Non
212 2273 404 2336 Laertiadae
427 2273 529 2353 patria
552 2274 629 2334 dura
651 2271 732 2347 leri3

46 2379 123 2441 Non
149 2378 262 2460 Argoa
286 2373 387 2438 Danai
411 2373 659 2457 cyclopeaeque
683 2374 863 2453 Mycenae;

108 2479 235 2556 Inclyta
258 2497 316 2539 nec
338 2488 481 2538 veterum
504 2472 626 2555 moenia
650 2472 879 2556 Cecropidum.

46 2580 128 2643 Nam
155 2600 219 2643 non
241 2589 465 2667 estterrestre
488 2594 608 2657 gentas,
632 2577 690 2636 aed
712 2577 752 2637 ab
774 2579 902 2641 aethere
925 2579 1041 2642 Musae

112 2680 279 2746 Miserunt
301 2693 408 2763 aptum
431 2678 514 2740 cecla
538 2678 634 2739 heare
658 2677 775 2740 virum.

594 2863 627 2924 7.

48 2988 107 3054 Eat
129 2985 266 3069 patriam
292 2983 486 3065 Colophona
509 2991 594 3044 tuam
619 2978 674 3063 qui
696 2977 797 3054 dicat,
823 2980 985 3056 Homerea

111 3092 177 3153 Ast
200 3089 278 3149 aliua
302 3089 489 3164 Smyrnam,
513 3103 588 3165 pars
611 3082 653 3143 alt
676 3102 744 3143 esse
768 3079 904 3155 Chimu,

48 3190 145 3254 Alter
167 3192 227 3254 lou
251 3188 349 3261 dixit,
374 3198 447 3249 sunt
469 3186 523 3267 qui
546 3182 703 3245 Salamina·
725 3193 892 3262 putaruut3

92 3282 232 3374 Quidam
255 3302 286 3353 te
309 3289 483 3372 Lapithum
507 3282 668 3368 sanguinis
690 3304 759 3346 esse
781 3283 906 3360 lerunt,

191 3560 249 3611 Sir,
270 3559 308 3604 nbi
328 3558 468 3604 Maeonides
486 3554 589 3610 prunum
608 3552 645 3597 est
662 3557 759 3597 exortus
769 3584 775 3606 ,
795 3553 901 3608 ademit,

228 3629 348 3686 Quotquot
368 3632 453 3681 creant,
473 3626 528 3668 allis
546 3621 640 3667 ratibus
659 3635 729 3666 omno
748 3621 828 3666 luban.

122 3697 148 3759 6]
171 3697 301 3742 Cnuirhlus
320 3699 372 3742 sic:

193 3766 245 3811 Non
265 3769 381 3821 Smyrnae
399 3765 469 3809 tellas
488 3763 551 3808 dium
569 3762 692 3819 generarit
712 3760 855 3812 Homerum,

227 3835 352 3879 Fecundam
370 3839 411 3878 aut
429 3831 554 3888 Colophon
573 3830 639 3874 sinos
658 3829 774 3883 laoniae3

192 3903 245 3949 Non
264 3905 354 3958 Chlor,
375 3903 474 3962 Aegypti
494 3914 541 3944 nou
560 3898 656 3956 pinguia
674 3911 749 3950 rura,
769 3897 893 3955 necatum

228 3972 337 4030 Cyprus,
356 3975 499 4029 praeruptae
518 3982 561 4014 occ
580 3969 634 4025 loga
652 3967 717 4011 celeo
735 3966 845 4023 Ithacae,

192 4041 245 4087 Non
263 4042 343 4100 Argos
358 4041 436 4085 Danai
454 4036 618 4092 Cyclopeaeue
637 4036 771 4090 Mycenae,

230 4110 314 4155 luelita
332 4125 376 4155 uec
393 4113 502 4154 veterum
520 4106 615 4150 nnoenla
633 4105 803 4160 Cecropidum.

191 4183 270 4225 Terra
288 4183 366 4223 virum
385 4179 445 4221 haud
462 4179 562 4235 gennit,
583 4175 624 4219 oen
642 4175 708 4217 misit
726 4174 756 4217 ab
776 4186 836 4228 arc,
855 4172 974 4218 torentem

228 4249 314 4294 Dulcia
332 4238 462 4306 'terrigenis
480 4255 599 4297 munera,
620 4241 738 4296 Calliope.
