2772 4750
53 300 230 365 Uvidulam
245 290 270 360 'a
292 299 391 360 fluctu
412 299 573 360 cedentem
598 300 638 360 ad
658 298 775 378 templa
797 287 962 362 dedm'me

120 401 217 463 Sidus
240 400 273 461 in
296 397 434 482 antiquis
455 397 528 460 diva
550 419 672 462 novom
694 399 822 478 posuit:

52 500 208 582 Virginis
227 511 259 563 et
279 500 365 561 saevi
388 497 577 580 co'ntingens
598 520 733 583 namque
755 500 878 563 Leonis

118 599 276 674 Lamina,
300 598 438 662 Callisto
460 598 566 660 iuncta
581 599 789 683 'Lycaonidh

52 703 183 763 Vertar
205 699 236 761 in
260 721 427 772 occasum,
449 701 574 760 tardum
596 702 661 760 dux
682 711 752 761 ante
777 701 923 776 Booten,

119 800 187 880 Qui
210 800 265 861 iix
285 821 357 862 sero
382 799 447 861 alto
469 798 623 881 mergitur
646 801 792 863 Oceano.

52 903 119 963 Sed
139 922 329 983 quamquam
351 920 399 960 me
420 910 516 961 nocte
538 911 686 977 premunt
708 900 846 983 vestigia
868 900 995 977 divom,

118 1002 196 1060 Lux
217 1011 319 1060 autem
341 1019 435 1059 canae
459 997 578 1074 Tethyi
600 996 756 1072 restituit,

52 1101 165 1177 (Pace
190 1111 240 1158 tua
263 1096 325 1158 sari
346 1099 401 1159 hic
423 1096 533 1169 liceat,
559 1097 755 1167 Rhamnusia
778 1097 893 1180 virgo;

118 1200 265 1280 Namque
286 1218 349 1279 ego
372 1197 524 1259 nonullo
548 1218 625 1259 vera
645 1197 762 1260 timore
784 1208 906 1278 tegam,

52 1421 177 1471 Venerem
195 1435 247 1464 cuin
266 1420 394 1472 Tarachie,
425 1422 529 1465 Foscolo
554 1437 581 1466 ac
599 1422 692 1466 Montio
715 1423 821 1480 intellige
844 1423 921 1476 ipsam
946 1423 1127 1477 Zephyritidem
1145 1427 1169 1470 in

51 1492 120 1534 eaelo
139 1492 280 1544 degentem,
308 1503 355 1531 uon
373 1502 446 1542 vero,
477 1495 501 1532 ut
520 1491 619 1533 Coutius
638 1493 726 1549 votuit,
755 1492 904 1544 Caelestem,
930 1491 959 1534 ab
978 1492 1019 1535 illa
1038 1494 1166 1538 diversam.

52 1557 95 1605 58.
116 1555 241 1612 Canopeis
274 1559 326 1600 att.
348 1554 372 1600 2.
389 1558 496 1612 reliquae
512 1556 639 1613 Canopiis.
658 1578 692 1591 -
710 1557 791 1617 Graia
804 1555 1035 1615 CanopieisoCdd.
1077 1558 1170 1605 tat-utu

51 1625 114 1670 Cart.
132 1626 191 1668 fecit
209 1626 306 1668 lanciam.
323 1627 386 1667 coni.
407 1623 489 1669 Graia
504 1640 563 1670 sane
584 1626 737 1679 dissyllabam
753 1632 798 1670 est.
825 1627 906 1674 iuven.
923 1625 953 1681 8,
968 1625 1026 1671 226.
1046 1626 1169 1673 Prostitui

51 1693 199 1750 Graiaeque
217 1695 302 1747 apium
320 1698 366 1736 cet.
409 1694 502 1736 Haereo
522 1699 598 1737 tamen
621 1696 643 1736 iu
670 1695 748 1736 tonina
773 1691 905 1750 cunoptets
923 1708 955 1750 ⁴ex
974 1693 1165 1757 Kuaouatoec.

51 1764 89 1806 ib.
111 1762 197 1805 incola
215 1758 257 1816 (ut
274 1761 325 1804 iere
340 1761 448 1804 Minerva
464 1763 547 1804 incola
561 1762 627 1807 Itoni
643 1761 724 1816 Epith.
741 1763 794 1805 Pel.
816 1761 888 1814 228.)
904 1763 928 1806 h.
948 1763 965 1806 l.
983 1764 1042 1806 Diva
1057 1765 1165 1821 indiges,

50 1836 121 1889 grata
131 1834 248 1885 Aegypto.
269 1829 402 1872 Durassitue
416 1843 472 1873 sane
483 1832 557 1874 Voss.
570 1831 597 1872 iu
609 1832 680 1882 loca,
698 1831 720 1872 in
734 1844 782 1884 quo
791 1831 935 1873 defendendo
945 1835 1014 1884 atque
1028 1832 1167 1883 explicando

51 1900 143 1943 nollem
163 1903 285 1949 tantopere
304 1910 329 1940 se
349 1898 460 1939 torsisset
478 1899 579 1942 Vatia:
601 1899 694 1949 „Suum
719 1910 777 1940 vero
801 1898 914 1941 furnulum
933 1909 980 1952 qao
1004 1898 1103 1942 miserat
1122 1901 1168 1943 Ze·

50 1960 177 2021 phycitis?
206 1966 374 2007 Alexandriam
392 1968 420 2006 ad
439 1968 567 2018 trineptem,
588 1966 610 2007 in
631 1979 676 2020 quo
695 1978 763 2007 coma
783 1965 859 2008 fuerat
878 1966 998 2019 dedicata;
1018 1971 1088 2019 atque
1107 1969 1166 2011 adeo

50 2037 79 2077 in
97 2036 155 2077 loca
174 2039 249 2091 grata
267 2032 383 2075 litoribus
400 2031 527 2090 Aegypti;
555 2033 585 2074 ab
604 2032 711 2088 Aegypto
736 2032 924 2089 distinguebatur
942 2033 1084 2076 Alexandria
1104 2037 1169 2078 cet.''

52 2102 96 2147 59.
118 2104 210 2144 Versus
225 2103 394 2145 conclamatus.
417 2123 448 2132 -
467 2101 494 2142 ai
506 2100 543 2142 dii
555 2114 599 2142 aen
612 2099 647 2142 ibi
660 2100 730 2141 aurio
743 2099 819 2143 Codd.
833 2102 906 2143 Voss.
927 2123 959 2133 —-
977 2098 1013 2157 Ιιγ
1031 2099 1066 2158 dy
1084 2102 1166 2146 senili

50 2170 124 2213 sario
143 2170 204 2211 God.
216 2169 328 2211 ainsi-os.
341 2170 369 2210 Y.
384 2168 476 2224 (sicque
489 2168 598 2220 Lachm.)
617 2190 650 2201 ·-
669 2166 696 2209 tn·
713 2166 750 2209 dii
767 2168 802 2211 ibi
814 2168 883 2211 vario
895 2181 925 2210 ae
938 2169 1018 2211 solum
1029 2169 1075 2211 sub
1087 2172 1166 2213 limite

50 2240 99 2283 Ed.
112 2239 190 2291 princ.
212 2257 240 2268 ·-
260 2234 345 2280 Gnate
363 2232 389 2277 C.
408 2236 495 2278 incola
512 2237 530 2278 l.
550 2235 624 2279 Ludit
643 2234 685 2278 ubi
702 2235 765 2278 Scal.
786 2259 819 2269 -
843 2235 931 2279 Sidere
950 2236 985 2278 ibi
1002 2238 1072 2280 uario
1090 2240 1164 2282 voss.

50 2327 87 2339 --
105 2304 209 2348 Scilicet
225 2305 252 2347 in
270 2305 339 2347 uario
357 2303 401 2346 Ed.
418 2301 578 2346 14111111.
593 2304 670 2358 quod,
691 2303 874 2355 etsiincertam,
895 2317 948 2346 cam
960 2304 1044 2347 Valck.
1059 2307 1164 2349 eiFose.

50 2374 207 2417 retinuimus.
238 2375 298 2415 Vno.
318 2372 415 2414 seilicet
433 2372 597 2415 incredibilem
615 2373 638 2414 in
658 2373 754 2412 modum
777 2377 875 2425 propter
898 2366 1031 2424 scripturae
1054 2382 1165 2427 compen·

50 2445 91 2485 dia
111 2441 233 2494 eorriunpi
252 2443 313 2483 solet
332 2440 427 2494 abique.
457 2441 563 2483 teatensis
580 2439 665 2494 aliquis
684 2440 781 2482 criticus
799 2440 907 2483 volebat:
928 2438 1020 2482 Lumen
1032 2439 1068 2482 ibi
1080 2441 1166 2498 aurio,

50 2511 116 2553 mira
135 2509 300 2562 appositione3
331 2512 400 2560 atque
419 2508 517 2560 iusuper
530 2508 632 2550 otiosam
648 2508 681 2549 sic
694 2513 828 2551 remaneret
840 2521 892 2550 voc.
908 2508 1001 2550 lumen.
1039 2509 1075 2551 th,
1086 2508 1165 2552 limite

50 2593 107 2622 cuin
119 2577 195 2618 noer.
207 2577 277 2618 rosc·
293 2589 305 2618 e
321 2575 396 2617 Codd.
412 2576 464 2618 Cir.
482 2575 552 2619 Ovid.
570 2576 629 2618 Met.
644 2573 658 2616 2
668 2606 674 2627 ‚
694 2571 752 2617 130.
772 2577 802 2619 A.
822 2575 886 2618 Gell.
902 2572 934 2627 2,
950 2573 974 2618 2.
994 2573 1063 2618 Satis
1081 2582 1166 2619 notum

49 2652 90 2689 eet
107 2645 203 2686 limites
221 2644 384 2701 regionesque
403 2653 458 2685 esse
477 2643 541 2687 caeli
559 2649 674 2700 quattuor
692 2647 737 2689 cet.
764 2662 799 2675 -
823 2643 909 2685 limine
929 2642 988 2685 Stat.
1016 2666 1048 2676 —
1071 2643 1165 2686 lumine

49 2715 107 2757 Seal
132 2714 205 2754 Voss.
220 2710 303 2754 Vatokl
341 2708 381 2755 63.
403 2710 530 2753 uvidulam
549 2725 564 2752 a
578 2710 660 2771 fluctu
678 2709 754 2752 Codd.
765 2711 877 2753 Atarneus.
890 2708 914 2753 1.
934 2709 1069 2763 Euprine.
1089 2713 1162 2756 Voss.
1246 2742 1251 2749 ,

49 2784 75 2825 in
92 2781 168 2823 notis.
185 2780 270 2821 Valclt.
285 2779 357 2821 Fusa.
379 2799 408 2810 ·-
429 2777 555 2821 stridulum
573 2792 588 2820 a
602 2777 683 2840 fluctu
698 2779 771 2821 Voss.
786 2780 809 2821 in
825 2782 946 2823 coittextu.
963 2779 1032 2833 idque
1047 2779 1164 2832 interpre-

50 2854 132 2892 tatur:
159 2848 254 2889 roscido
279 2847 366 2889 Oceani
391 2850 448 2890 atre
472 2849 620 2900 suadentem
648 2842 774 2888 stridulam
795 2856 811 2887 a
823 2841 887 2906 stetu
902 2847 1007 2898 Fuscus,
1027 2846 1071 2889 Ar.
1091 2846 1162 2889 Aldd.

49 2919 120 2960 Mur.
135 2915 210 2957 Doer.
230 2937 263 2947 -
289 2912 401 2956 Vioiclulo
417 2929 433 2956 a
450 2914 517 2976 flatu
531 2918 567 2958 vel
588 2910 677 2972 afflatu
697 2913 760 2956 seat.
787 2912 865 2970 Quum
879 2927 895 2955 a
907 2911 989 2974 fluctu
1004 2914 1042 2955 vix
1061 2915 1164 2968 patiatur

48 2984 200 3028 Vossianam
225 2983 461 3035 interpretationem,
493 2982 550 3026 mihi
575 2984 668 3039 quidem
692 2983 812 3034 placeret:
841 2979 966 3025 aridulam
989 2977 1077 3040 afflatu
1101 2982 1164 3024 alitis

49 3053 124 3109 equi,
146 3055 171 3091 ut
185 3050 254 3107 Virg.
266 3049 311 3093 Ge.
327 3050 355 3103 1,
370 3047 429 3093 250.
448 3046 548 3108 Nosque
566 3051 608 3093 udi
622 3051 725 3106 primus
742 3050 811 3105 equis
831 3044 924 3092 Oriens
941 3043 1164 3106 affluiitaaltelis;
1225 3068 1231 3076 ·

48 3133 130 3174 neque
151 3120 244 3176 ingrati¹
256 3119 383 3174 quidquam
400 3119 497 3160 habebit
514 3121 607 3175 imago,
628 3118 667 3161 obi
686 3120 918 3172 caelestem’tqunm
936 3118 1088 3172 cogitaveris.
1113 3116 1180 3179 Pro!

47 3183 124 3231 detlm
138 3199 176 3227 me
189 3187 264 3242 Rheg.
279 3186 355 3229 Guaa.
367 3186 436 3230 Aldu.
451 3186 526 3228 Codd.
541 3187 591 3230 lere
604 3185 726 3237 daciscae,
740 3179 872 3237 decumas,
886 3181 992 3237 alienae,
1006 3183 1078 3228 dione
1090 3184 1161 3227 Rom.

47 3252 301 3299 meminationes
321 3255 395 3299 codex
415 3255 547 3297 Saihautis:
573 3257 633 3297 unde
652 3257 748 3297 Sauten.
775 3250 893 3295 ilridaloe
910 3267 929 3294 a
939 3249 1022 3314 ὅ81111
1037 3250 1164 3295 cedentem

46 3320 147 3378 templu
160 3320 267 3364 Dionae.
305 3320 346 3365 65.
366 3322 577 3380 contingentem
595 3319 784 3364 tenuissimi.
822 3317 864 3364 86.
885 3320 944 3362 Cain
959 3321 1044 3364 Veleia.
1060 3320 1161 3373 praetuli

47 3392 171 3442 Anonymi
185 3391 247 3432 coni.
261 3386 364 3432 Callisto
381 3387 509 3442 (Callistoe
520 3389 580 3432 Edd.
594 3390 664 3444 vett.)
676 3391 764 3433 inrecta
776 3386 927 3446 Lycaonids'.
950 3408 985 3437 -,
999 3388 1084 3430 iuncta
1094 3401 1164 3441 prae·

48 3460 94 3502 bet
111 3458 195 3500 Codex
210 3458 275 3502 Suib.
292 3459 353 3500 Edd.
370 3464 427 3501 vett.
448 3481 480 3492 —
499 3459 582 3511 iacta,
603 3459 685 3511 iusta,
705 3457 834 3499 iaetualii
855 3455 930 3498 caua.
951 3456 1033 3497 ultima
1052 3459 1162 3509 correpta

46 3531 136 3571 eontra
155 3539 223 3567 usum
242 3527 313 3568 etiam
331 3526 435 3569 Lucretii
450 3525 479 3579 1,
494 3523 554 3570 846.
575 3527 673 3579 corripit
686 3527 764 3580 utique
775 3525 865 3566 auson.
879 3522 961 3566 Praei.
972 3525 1000 3565 ad
1014 3522 1105 3565 Theod.
1120 3520 1160 3566 16.

46 3596 129 3639 Codd.
145 3594 256 3639 araneos.
272 3592 297 3638 l.
313 3596 345 3636 al.
363 3595 416 3637 dein
432 3594 577 3653 Lycaonia,
598 3608 627 3647 ex
643 3608 707 3650 quo,
728 3595 746 3637 si
765 3593 839 3635 iuxta
851 3593 998 3642 retineatur,
1018 3595 1083 3633 reete
1098 3589 1161 3633 teau

45 3667 107 3707 ruat
124 3661 287 3719 Lycaouidu,
305 3661 450 3718 Lycaoniae
468 3662 550 3706 Codex
569 3675 628 3705 anus
646 3677 659 3705 a
679 3674 748 3704 anana
766 3674 815 3703 sec.
833 3659 893 3702 Edd.
907 3664 964 3702 vett.
978 3659 1051 3702 noer.
1064 3658 1161 3703 roscen

44 3729 157 3776 Callisto
174 3730 242 3772 iustu
258 3729 400 3787 Lycaonidi
417 3731 504 3786 triplici
523 3729 659 3774 difficultate
677 3730 780 3772 laborat.
800 3726 852 3772 siit.
864 3727 961 3771 Lacum.
978 3728 1052 3770 iuxta
1066 3729 1161 3779 (contra

45 3799 166 3850 metrum)
185 3796 342 3854 Lycuouidu.
399 3796 440 3842 70.
465 3797 523 3842 Lux
546 3805 591 3842 aut
613 3811 687 3841 cauae
711 3795 804 3840 Thesei
826 3797 929 3840 restituo
952 3795 998 3840 Ed.
1018 3797 1095 3852 prino.
1117 3793 1162 3839 etei

45 3870 179 3921 praeterea
196 3866 289 3909 variant
307 3866 375 3919 libri,
406 3868 482 3919 „nihil
507 3868 530 3910 iu
548 3871 643 3919 recepta
661 3864 726 3910 Luce
745 3871 827 3908 autem
845 3890 855 3900 ·
874 3889 883 3901 -
903 3856 1022 3909 restituor·
1038 3864 1162 3919 videbatur

46 3936 130 3978 minus
140 3932 327 3978 Catulliaauan.”
335 3936 419 3979 Valcla.
448 3937 520 3979 Recte
531 3941 608 3979 tamen
619 3933 718 3977 Lachm.
729 3938 753 3976 ot
761 3935 803 3976 Br.
816 3948 828 3976 e
839 3933 897 3978 Cdd.
909 3933 1016 3992 vestigiis
1026 3930 1162 3977 correxisse

45 4005 176 4047 videntur:
196 4000 255 4045 Lux
273 4009 357 4047 autem
375 4026 385 4049 ,-
404 4028 413 4040 ·
431 4004 551 4047 restituit.
602 3999 642 4046 tt.
662 3999 703 4045 liic
717 4002 763 4046 Ed.
783 4003 859 4056 princ.
880 3997 1016 4049 Ed.148l.
1034 4000 1105 4046 Post·
1126 4018 1160 4032 -·

45 4069 112 4116 haee
131 4076 168 4116 est
185 4070 282 4116 Avancii
301 4072 435 4127 correctio,
457 4085 526 4129 queat
545 4083 627 4118 omnes
645 4070 804 4119 retinuerunt.
