2762 4760
32 339 95 405 Nil
119 362 217 427 agere
240 340 304 406 olla
324 339 411 406 foris
430 349 480 406 tot
502 360 644 425 corpora
667 338 829 404 materiai:

33 446 147 526 Quom
165 443 352 528 pracsertim
374 441 430 508 hic
449 443 490 506 sit
513 455 625 509 natura
644 443 747 508 lactus
768 453 799 506 ct
820 441 890 525 ipsa

31 550 163 628 Sponte
184 569 240 609 sua
258 547 345 610 forte
366 548 553 612 offensando
573 545 693 610 semiue
713 567 819 608 rerum

31 648 243 713 Multimodis
264 659 383 712 temere
404 647 558 712 incassum
580 649 763 734 frustraque
787 656 898 710 coacta
1068 646 1150 708 1060

32 754 182 815 Tandem
204 751 382 816 coaluerint
403 772 455 828 ea,
479 773 559 836 quae
578 749 725 816 coniecta
743 761 873 831 repente
1031 760 1034 763 ‘

30 854 235 937 Magnarum
261 874 365 915 rerum
388 853 501 916 fierent
522 851 656 918 exordia
679 874 820 936 semper,

32 957 174 1030 Terrai,
197 954 291 1018 maris
313 966 344 1018 et
366 954 444 1018 caeli
468 956 657 1040 generisque
680 954 883 1019 animantum.

30 1057 147 1135 Quare
169 1056 264 1120 etiam
286 1069 380 1143 atque
402 1055 496 1120 ctiam
516 1056 606 1120 taleis
627 1058 748 1120 fateare
770 1079 898 1121 necesse
921 1069 967 1122 est

29 1161 116 1224 Esse
139 1159 222 1225 alios
242 1158 318 1223 alibi
336 1181 527 1244 congressus
551 1160 711 1235 materiai,
1068 1163 1148 1225 1065

32 1262 151 1342 Qualis
171 1261 225 1325 hic
244 1272 305 1338 cst,
329 1260 425 1325 avido
449 1261 619 1344 complexu
643 1284 735 1347 quem
757 1273 843 1324 tenet
867 1263 988 1326 aether.

99 1365 289 1443 Praeterea,
312 1385 410 1450 quom
433 1362 579 1427 materies
598 1375 645 1428 est
669 1363 764 1426 multa
785 1375 916 1446 parata,

31 1466 145 1546 Quom
168 1466 259 1529 locus
281 1476 328 1530 est
350 1477 478 1547 praesto
501 1487 559 1529 uec
580 1488 633 1530 res
655 1488 714 1529 uec
736 1487 844 1529 caussa
868 1476 1011 1531 moratur

30 1567 129 1644 Ulla,
154 1567 223 1651 geri
245 1569 360 1630 debent
379 1566 524 1630 nimirum
547 1579 579 1630 ct
600 1567 733 1632 confieri
754 1589 819 1631 res.

29 1672 150 1743 Nunc,
173 1680 205 1732 et
226 1667 397 1731 seminibus
418 1667 445 1731 si
466 1679 552 1731 tanta
572 1680 620 1733 est
642 1669 753 1751 copia,
778 1679 924 1754 quautam
1064 1673 1146 1735 1070

30 1774 233 1834 Enumerare
255 1782 339 1834 aetas
361 1768 549 1833 animantum
572 1792 637 1835 non
659 1782 753 1856 queat
775 1769 897 1846 omnis,

29 1872 161 1957 Visque
182 1876 290 1936 eadem
313 1884 344 1936 et
366 1882 477 1935 natura
501 1884 620 1949 manet,
643 1894 722 1957 quac
745 1872 863 1936 semina
885 1893 992 1935 rerum

30 1974 209 2039 Couiicere
228 1974 260 2038 in
282 1975 355 2039 loca
378 1996 521 2060 quaeque
544 1986 656 2061 queat,
679 1973 773 2038 simili
795 1973 919 2038 ratione

31 2079 147 2162 Atque
164 2078 226 2140 huc
245 2089 317 2141 sunt
340 2077 505 2141 coniecta:
529 2087 686 2141 necessest
708 2077 881 2142 confiteare

27 2181 115 2243 Esse
139 2179 218 2243 alios
241 2178 310 2243 aliis
332 2191 489 2243 terrarum
513 2177 713 2261 inpartibus
736 2179 845 2243 orbeis
1065 2183 1145 2246 1075

27 2283 77 2345 Et
98 2281 204 2345 varias
224 2281 387 2345 hominum
411 2280 532 2366 genteis
554 2292 586 2344 et
607 2280 691 2343 secla
712 2280 867 2344 serarum.

26 2386 108 2447 Huc
127 2385 267 2461 accedit,
291 2384 337 2447 uti
357 2383 390 2448 iu
414 2405 533 2447 summa
554 2404 606 2447 res
627 2382 712 2445 nulla
734 2382 775 2445 sit
796 2404 872 2459 uua,

25 2485 136 2551 Unica
158 2508 238 2572 quae
260 2486 409 2574 gignatur
431 2498 462 2551 et
484 2485 576 2549 unica
596 2486 728 2571 solaque
749 2495 890 2561 crescat3

26 2588 117 2670 Quin
139 2588 290 2676 aliquoiu'
313 2588 373 2653 siet
394 2587 469 2653 secli
492 2587 713 2673 permultaque
736 2590 849 2666 eodem

24 2693 102 2757 Sint
125 2714 261 2777 genere:
282 2691 317 2755 iu
339 2689 452 2774 primis
474 2689 660 2755 animalibus
681 2688 785 2752 iudice
806 2700 923 2754 meute‘
1061 2695 1143 2757 1080

23 2794 178 2860 Invenies
200 2794 247 2858 sic
268 2793 486 2878 montivagum
508 2815 607 2878 genus
627 2812 694 2858 esse
716 2792 870 2857 ferarum.

21 3092 74 3141 quo
91 3077 156 3123 volet
174 3077 228 3133 ipae
246 3075 322 3120 Codd.
341 3071 366 3117 2.
384 3073 430 3126 ita,
456 3073 547 3116 omisso
565 3072 599 3116 eit
616 3071 691 3116 Codd.
713 3068 738 3116 3.
755 3071 823 3114 Brix.
844 3071 934 3116 omisso
951 3073 999 3126 eit,
1019 3085 1066 3132 quo
1083 3074 1142 3118 nolit

20 3152 81 3208 ipse
99 3150 159 3192 Ver.
173 3149 235 3192 Van.
266 3167 300 3178 -
325 3142 389 3188 liber
406 3155 500 3201 quoquo
518 3141 576 3186 uelit
593 3143 631 3185 ire
654 3142 781 3185 Ar.Pius.
795 3142 825 3185 A.
858 3164 891 3174 —
920 3155 966 3200 quo
986 3143 1140 3199 pervolitans

21 3221 137 3266 Gronov.
158 3215 272 3260 -liber
290 3214 325 3257 ait
341 3226 387 3271 quo
406 3212 528 3269 relitipse
546 3212 585 3256 Pii
598 3211 754 3267 exemplaria.
767 3211 810 3254 W.
831 3233 864 3244 -
888 3210 953 3255 liber
970 3225 1017 3270 quo
1032 3213 1140 3268 percolit

18 3290 62 3333 ire
81 3287 174 3331 Eichst.
198 3290 292 3329 secutus
314 3283 418 3326 Pareuru
442 3296 456 3324 a
477 3281 566 3326 Gifanii
593 3280 681 3324 iudicio
705 3281 856 3335 pendentem.
890 3280 986 3337 Antiqui
1003 3281 1076 3324 rolim
1094 3295 1138 3335 pro

18 3357 99 3403 uelim
118 3357 241 3409 dixerunt,
262 3358 321 3398 teste
334 3352 413 3396 Prisc.
429 3349 453 3397 9.
466 3365 491 3406 p.
503 3347 562 3395 8148.
577 3350 608 3394 P.
629 3371 658 3382 -
678 3363 725 3408 quo
739 3350 847 3406 percolit
863 3348 918 3407 ipae
936 3349 1012 3394 Forb.
1035 3351 1080 3394 Sed
1095 3364 1138 3394 cur

18 3428 113 3483 duplex
121 3426 200 3469 forma
209 3424 266 3468 uelit
275 3449 285 3458 ·
298 3448 307 3458 ·
314 3421 420 3479 percolit
430 3435 482 3464 sese
493 3421 528 3464 sic
538 3420 650 3474 excipiat,
660 3434 707 3463 nou
718 3420 834 3477 intelligo.
847 3418 967 3463 Reversus
975 3433 1036 3463 nunc
1046 3430 1099 3462 sum
1108 3421 1138 3463 ad

18 3500 81 3542 lect.
93 3496 152 3539 Cdd.
165 3496 222 3552 aliq.
236 3494 265 3537 L.
280 3493 309 3535 Η.
319 3507 327 3536 .·
339 3509 371 3525 ·-
385 3504 431 3550 quo
436 3491 549 3548 pervolet
557 3489 611 3546 ipae
621 3490 639 3533 i.
651 3504 673 3534 e.
688 3491 761 3532 ultro.
772 3487 862 3542 (libero
872 3502 917 3546 quo
926 3489 985 3532 uelit
996 3489 1050 3546 ipae
1061 3488 1090 3532 Ε.
1106 3509 1135 3525 η-

15 3566 87 3611 liber
105 3565 203 3622 aitque
221 3565 282 3607 rolet
300 3562 354 3618 ipae
373 3561 414 3615 G.)
468 3556 543 3604 1054.
569 3555 713 3618 aumrndque
727 3554 859 3616 profundet
875 3558 920 3611 ,in
937 3557 993 3601 dem
1010 3558 1137 3617 griineen·

16 3638 95 3681 losen
115 3633 219 3677 Weltull
235 3630 348 3676 lerum?
366 3629 422 3675 Lib.
443 3626 470 3683 6,
492 3624 550 3674 650.
592 3627 622 3672 Ut
639 3629 816 3672 reminiscorie
836 3640 960 3671 summurn
977 3641 1061 3671 rerum
1081 3640 1136 3671 esec

14 3700 185 3764 profundum.
211 3704 281 3761 virg.
306 3696 483 3751 (11.1,222
529 3699 672 3757 coelumque
700 3694 864 3755 profundum.
930 3692 1006 3741 1060.
1030 3692 1138 3754 sruatru

17 3788 117 3835 quaeque
134 3774 202 3817 iuetu
222 3772 273 3827 (E.)
292 3771 360 3814 Bria.
379 3770 425 3813 Ar.
456 3789 485 3800 -
515 3763 667 3835 sruetruque
683 3767 750 3810 iectu
766 3766 840 3809 Codd.
863 3778 915 3810 sex.
938 3767 997 3810 Ver.
1021 3767 1082 3810 ven.
1105 3787 1133 3797 -

17 3847 165 3901 iactatuque
175 3838 496 3900 jruatrcPiiexemplaria.
511 3837 584 3882 (1.1.
626 3834 702 3881 1061.
717 3837 749 3880 al.
767 3835 891 3888 coierint,
912 3835 1049 3888 coluerint,
1069 3835 1136 3879 colu·

17 3919 82 3958 runt
93 3911 205 3968 (sien),
225 3912 348 3964 colerent,
368 3909 513 3961 caelarunt,
533 3907 653 3960 coierint,
667 3905 854 3959 coierunt(C.),
874 3910 1002 3959 coartant,
1022 3909 1136 3948 coarctu-

17 3984 90 4036 rint;
109 3979 253 4025 concrerint
271 3981 347 4025 Gron.
368 4002 400 4012 -
425 3975 562 4022 coaluerint
582 3975 611 4019 L.
631 3976 661 4021 Η.
689 3997 719 4008 -·
743 3974 883 4020 coaluerint
894 3975 936 4019 W.
957 3976 985 4018 de
1005 3973 1053 4017 Gis.
1069 3974 1133 4017 coni.

19 4050 98 4097 1⁰79.
119 4051 154 4095 De
166 4050 282 4095 Grouorii
295 4049 452 4095 coni.ll.W.
472 4071 505 4081 -
524 4045 727 4105 uliquoioieCdd.
767 4042 842 4090 1080.
862 4043 1133 4088 trecentenario.

16 4119 113 4178 (iudice
124 4117 207 4176 Bria.)
225 4144 257 4154 —
275 4119 351 4163 inlice
366 4123 471 4161 mentem
486 4117 552 4172 Lips.
567 4140 599 4150 —
611 4116 703 4160 inclute
715 4112 819 4159 Memmi
836 4115 913 4159 Gron.
926 4114 955 4160 Η,
980 4112 1007 4154 lu
1020 4125 1131 4155 sermone

17 4193 99 4235 soluto
118 4191 243 4235 dicendum
262 4193 340 4233 esset:
367 4189 410 4243 „iu
429 4187 512 4242 primis
530 4187 554 4230 in
573 4184 742 4231 animalibus.”
759 4187 790 4229 H.
804 4185 822 4229 l.
839 4182 932 4241 primia
951 4180 1043 4238 magis,
1063 4193 1133 4236 quam

17 4260 178 4306 communiter
196 4257 223 4303 fit
242 4260 265 4304 in
284 4260 326 4303 hnc
344 4258 462 4312 termula,
482 4256 592 4301 adiectiri
611 4260 753 4311 potestatem
774 4258 862 4300 servat.
