2772 4750
227 186 289 249 lte

293 337 436 403 Lubrica
457 312 598 417 signavit
620 346 717 414 quem
739 327 815 388 deus
838 333 917 386 esta·
933 319 1039 385 notis:

210 447 280 507 -Te
302 444 382 503 duee
405 439 572 501 Romanos
594 448 753 512 uunquam
774 426 929 488 frustrata
950 418 1076 499 Sibylla
1098 429 1164 493 est,
1294 418 1327 477 15

294 540 414 604 Abdita
436 557 518 620 quae
538 532 621 596 senis
642 531 709 593 sata
730 526 814 590 canit
836 524 983 606 pedibus.

229 645 383 715 Phoebe,
407 656 518 701 sacras
539 630 747 697 Messalinum
771 627 838 689 sine
859 637 992 706 tangere
1014 624 1144 684 chartas

292 740 386 804 Vatis
409 737 549 817 etipse,
572 752 709 814 precor,
733 727 809 810 quid
831 736 923 788 canat
944 725 1019 797 illa,
1039 726 1140 785 doce.

231 848 322 908 Haec
344 839 430 903 dedit
451 839 582 899 Aeneae
604 842 729 904 sortes,
753 838 924 910 postquam
946 825 1000 887 ille
1023 834 1189 905 parentem

292 941 421 1006 Dicitur
443 949 474 999 et
495 946 607 1015 raptos
628 928 815 994 sustinuisse
837 929 959 999 Lares,
1297 922 1332 982 20

230 1044 302 1104 Nec
322 1042 394 1105 sore
416 1037 568 1100 credebat
588 1035 742 1105 Romam,
767 1048 864 1110 quom
887 1037 1024 1089 maestus
1047 1027 1088 1086 ab
1112 1025 1179 1087 alto
1221 1088 1224 1095 ,

292 1121 377 1204 llinu
399 1140 545 1201 ardentes
566 1130 803 1212 respiceretque
826 1129 922 1190 dens:

232 1242 402 1321 (Romulus
425 1249 571 1300 aeternae
591 1234 731 1294 nondum
752 1229 937 1291 firmaverat
958 1226 1046 1289 urbis

295 1339 446 1412 Moenia,
471 1333 616 1399 consorti
637 1352 701 1395 nnn
723 1329 890 1391 habitanda
913 1328 1045 1402 Remo,

183 1485 186 1491 ,
231 1444 296 1505 Sed
317 1452 391 1502 tuuc
412 1438 583 1518 pascebant
604 1435 741 1495 herbosa
765 1428 889 1494 Palatia
910 1448 1028 1490 vaccae

297 1542 343 1602 Et
363 1540 489 1601 stabant
509 1533 644 1597 humiles
667 1532 699 1594 in
721 1529 811 1594 Iovis
834 1550 908 1592 arce
931 1549 1035 1590 casae.

232 1645 334 1705 Lacte
357 1640 483 1700 madens
504 1635 570 1697 illic
591 1635 720 1695 suberat
741 1630 812 1695 Pan¹
833 1629 914 1692 ilicis
935 1631 1066 1691 umbrae

296 1743 339 1802 Et
360 1739 445 1800 facta
469 1733 589 1818 agresti
610 1732 717 1814 lignea
738 1730 955 1804 salee·Pales;

231 1840 460 1921 Pendebatque
482 1832 558 1918 vagi
579 1833 717 1914 pastoris
739 1830 772 1893 in
794 1833 911 1893 arbore
933 1841 1059 1905 votum,

294 1938 434 2003 Garrula
454 1936 594 1999 silvestri
613 1933 720 1995 fistula
741 1952 832 1993 sacra
854 1935 934 2008 deo,
1040 1917 1046 1924 Δ

232 2041 372 2114 Fistula,
397 2037 450 2101 eui
472 2055 597 2116 semper
619 2032 775 2095 decrescit
798 2033 958 2095 arundinis
981 2035 1082 2106 ordn;

265 2182 273 2198 ..
294 2143 377 2203 Nam
394 2140 531 2201 calamus
554 2155 625 2197 cera
647 2133 790 2216 iungitur
812 2154 911 2216 usque
934 2132 1055 2198 minor.

231 2241 277 2303 Aa
301 2262 363 2322 qua
384 2235 522 2301 Velabri
542 2233 637 2319 regio
659 2244 767 2315 patet,
794 2232 841 2295 ire
863 2234 988 2299 solebat

181 2336 185 2339 ’
296 2338 442 2423 Exiguus
464 2337 556 2418 pulsa
577 2356 637 2416 per
662 2336 739 2396 rada
762 2333 856 2395 linter
877 2355 970 2416 aqua.

230 2441 290 2502 Illa
313 2459 407 2519 saepe
431 2437 539 2521 gregis
562 2436 618 2498 diti
638 2434 795 2515 placitura
817 2434 971 2517 magistro

295 2539 349 2600 Ad
369 2537 515 2600 iuvenem
537 2537 618 2598 festa
640 2545 801 2609 estvecta
824 2536 928 2615 puella
952 2534 1021 2610 die;

217 2639 314 2705 'Cum
338 2659 398 2719 qua
421 2635 549 2714 secundi
570 2635 733 2698 redierunt
755 2654 885 2698 munera
905 2636 1028 2713 ruris,*

294 2739 415 2803 Caseus
438 2750 469 2800 et
490 2737 603 2799 niveae
625 2735 774 2798 candidus
797 2756 898 2818 agnus
921 2738 1019 2815 ovis.)

234 2840 402 2922 „Impiger
424 2840 557 2912 Aenea,
580 2835 743 2901 volitantis
764 2835 866 2899 frater
887 2838 1043 2914 Amoris,

282 3017 324 3063 18,
355 3015 420 3077 quod
446 3015 522 3059 Codd.
547 3016 605 3071 aliq.
630 3015 659 3059 B.
679 3014 708 3058 L.
727 3036 763 3051 -
780 3017 838 3073 quoi
855 3018 887 3060 V.
911 3017 974 3062 coni.
1029 3015 1072 3063 23.
1085 3015 1249 3078 formauerat
1267 3025 1335 3070 Codd.

228 3089 305 3133 multi.
325 3088 354 3131 B.
373 3105 406 3121 -
417 3081 573 3143 fundaverat
589 3085 622 3126 al.
642 3084 707 3126 ntur.
771 3081 812 3127 33.
832 3082 864 3128 Et
882 3085 958 3130 Codd.
978 3088 1036 3144 aliq.
1057 3089 1088 3131 V.
1108 3089 1137 3133 B.
1212 3092 1251 3137 lb.
1273 3092 1336 3138 Vela·

228 3157 299 3201 brem
318 3155 428 3210 planities
447 3154 510 3199 inter
528 3152 690 3207 Capitolium,
710 3152 846 3197 Palatinum
867 3159 890 3197 et
907 3155 1049 3199 Aventinum
1058 3162 1173 3201 montem.
1221 3157 1267 3206 35⁸
1288 3161 1336 3220 dm]

228 3226 347 3267 Muretus.
368 3243 402 3255 --
420 3220 549 3264 cilliacum
567 3220 617 3263 suis
636 3220 694 3263 Cdd.
713 3219 761 3274 t..,
790 3222 852 3276 quod
871 3226 907 3265 est
932 3235 962 3266 ex
982 3227 1130 3270 accommod.
1155 3228 1184 3270 ad
1206 3232 1337 3282 proximum

228 3307 281 3337 roc.
337 3287 378 3335 39.
396 3288 466 3332 nean
492 3289 571 3333 oratio
590 3289 619 3331 ad
637 3301 660 3331 v.
682 3284 723 3330 22.
786 3285 827 3332 lb.
846 3286 995 3345 Numicius,
1016 3294 1092 3335 amnis
1111 3294 1174 3338 inter
1195 3296 1337 3344 Laurentum

228 3374 254 3403 ac
271 3359 395 3401 Lavinium
409 3359 548 3407 decurrens.
559 3370 582 3398 v.
596 3352 677 3415 Liv.l
692 3387 698 3408 ‚
714 3353 738 3399 2.
759 3356 844 3400 lustin.
859 3354 906 3418 43,
922 3358 945 3401 1.
965 3358 1036 3418 Virg.
1050 3363 1110 3405 Aen.
1126 3360 1172 3417 12,
1190 3361 1252 3413 tlt.
1273 3368 1335 3411 Ouid.

227 3428 287 3470 Met.
304 3424 354 3478 lt,
376 3421 433 3471 581.
494 3422 534 3468 ld.
564 3424 670 3467 volitans
691 3423 751 3469 Cnd.
774 3423 796 3467 1.
817 3426 849 3468 V.
916 3423 957 3470 53.
977 3426 1049 3471 dates
1060 3424 1156 3486 furtim
1175 3433 1207 3475 V.
1228 3437 1298 3480 ceni.
1315 3452 1338 3470 -

226 3502 299 3548 teor,
320 3507 409 3538 urnam
432 3493 559 3536 Schrader.
606 3487 725 3552 Estrdg
751 3486 863 3558 λάθρα,
891 3490 1059 3557 λεληθότως
1088 3498 1274 3562 συνουσίας,
1306 3508 1336 3552 u.

169 3606 174 3619 ,
225 3567 321 3607 nomnte
339 3561 473 3632 flnschbics,
493 3558 527 3608 αἱ
542 3558 709 3673 adparatum
726 3550 844 3622 ἡδοναί,
863 3560 897 3609 αἱ
911 3554 990 3625 ἄγαν
1008 3561 1145 3613 σπουδαί.
1184 3563 1226 3616 55.
1249 3578 1337 3628 septem

224 3631 254 3675 cle
282 3631 343 3675 Ccd.
373 3630 394 3673 1.
425 3631 456 3673 V.
484 3629 513 3673 Β.
596 3625 619 3672 7.
639 3626 713 3671 rebus
732 3628 808 3672 Codd.
832 3628 857 3673 2.
875 3631 913 3673 ¹V.
968 3629 1010 3676 59.
1030 3634 1194 3678 rutilantibus
1223 3639 1259 3683 v,
1280 3641 1336 3684 coni,

226 3697 267 3744 fib.
287 3698 305 3741 i.
325 3713 348 3742 e.
369 3697 483 3750 „iactavit
500 3700 646 3740 comasaute
665 3701 734 3750 eaput
753 3697 844 3740 fusas.¹¹
880 3690 1243 3753 (capronae'dtcunmrc'omae
1285 3721 1337 3766 quar

224 3774 278 3812 aute
297 3767 400 3810 frontem
424 3770 495 3820 sunt,
527 3767 594 3822 quasi
616 3779 629 3807 a
653 3766 730 3820 eapite
752 3778 851 3819 pronae.
888 3766 966 3811 Lucil.
996 3769 1047 3812 Sat.
1074 3770 1129 3813 Lib.
1156 3773 1212 3817 vlt.
1252 3738 1338 3832 illum

223 3836 329 3894 (laeteri
355 3833 473 3888 Huscbll.)
501 3840 576 3891 eaput
598 3838 670 3891 etque
694 3847 779 3877 cornea
792 3833 899 3896 fluitare
920 3849 1059 3893 euprepus,
1090 3837 1180 3894 Altae,
1206 3836 1337 3898 frontibus
1361 3822 1362 3899 l

223 3904 371 3958 immisere,
393 3909 418 3946 ut
431 3899 545 3961 messuit
557 3902 620 3945 illie.
632 3901 746 3957 Nonius.)
759 3902 864 3961 Huschlq,
879 3904 941 3948 Scal.
953 3916 959 3948 ι
972 3929 1004 3938 -
1018 3903 1193 3964 Iacteettsuee
1207 3909 1258 3954 sed
1270 3916 1338 3972 capul
1361 3902 1362 3949 l

223 3979 280 4019 ante
299 3987 379 4017 coma.
399 3975 492 4016 Voss:
513 3990 547 4004 -·
566 3970 644 4012 tectae
657 3967 750 4028 deplere
770 3970 917 4029 dumeeput
933 3978 990 4017 aute
1011 3987 1091 4018 come.
1111 3989 1134 4019 v.
1157 3973 1199 4020 67.
1214 4001 1224 4012 .
1241 3976 1289 4026 70,
1310 3993 1337 4025 η.
1361 3972 1362 4015 Τ

221 4042 258 4086 fer
277 4044 306 4084 ad
326 4055 349 4085 r.
376 4038 416 4084 79.
454 4037 523 4082 Haec
534 4033 645 4094 suerunt
660 4037 729 4079 elim.
765 4038 873 4083 Lactant.
895 4038 919 4089 1,
940 4039 969 4096 6,
990 4038 1032 4086 10,
1069 4040 1106 4087 M·
1130 4041 1213 4088 Varro
1236 4050 1338 4109 mim
1361 4020 1362 4049 1

223 4134 233 4143 ·
252 4108 365 4166 Sibyllae
386 4106 469 4150 decem
488 4116 593 4148 astruere
604 4098 692 4158 sulm
710 4126 743 4136 -
762 4123 795 4137 -
813 4108 944 4164 reptionem
963 4106 1113 4168 Cumanam,
1132 4114 1234 4158 nemine
1259 4117 1337 4163 Amal.

220 4174 319 4231 theam,
339 4188 401 4234 quae
420 4174 450 4216 ab
471 4171 532 4215 eliis
555 4167 702 4225 DemepbiIe
721 4171 759 4214 sel
781 4169 915 4232 Herophilo
941 4178 1104 4236 nominatur,
1130 4196 1234 4242 eamque
1259 4200 1337 4233 nom,
