2750 4744
1083 211 1143 275 221

11 367 159 433 Grandia
181 368 400 454 magnanimus
423 367 550 453 peragit
571 389 666 450 puer.
710 367 792 433 Utar
814 388 900 454 ego,
925 358 1015 445 ulai,

9 473 83 534 Nec
106 473 268 535 rhombos
290 471 365 534 ideo
387 469 513 534 libertis
534 491 657 554 ponere
679 471 803 547 lautus,

10 575 84 637 Nec
107 585 237 636 tenuem
260 574 375 637 sollers
397 574 561 636 turdarum
583 593 679 637 nosse
701 572 847 637 salivam.

11 677 129 739 Messe
151 689 246 739 tenus
268 674 400 757 propria
424 674 519 739 vive:
543 686 575 736 et
597 676 744 760 granaria
769 668 831 758 (sss
854 680 915 758 est)
1103 679 1144 741 25

10 780 148 843 Emole.
173 780 261 860 Quid
284 777 425 841 metuas?
450 777 557 852 Occu,
583 790 615 842 et
636 800 731 862 seges
754 780 853 842 alteru
868 779 900 842 in
915 782 1014 845 herba
1030 791 1090 845 est.
1103 811 1143 823 -

10 882 78 945 Ast
103 893 204 946 vocat
227 881 384 944 officium:
409 880 500 943 trabe
523 890 639 962 rupta,
666 881 792 944 Bruttia
814 903 892 945 saxa

12 984 156 1046 Prendit
178 982 298 1046 amicus
320 982 414 1065 inope
436 1003 569 1067 remque
592 1004 718 1046 omnem
740 986 901 1069 surdaque
924 995 999 1049 vota

16 1084 180 1150 Condidit
202 1085 317 1149 Ionio:
340 1084 422 1147 iacet
443 1084 513 1166 ipse
535 1085 566 1147 iu
589 1084 685 1149 litore
708 1097 739 1148 et
764 1108 824 1149 rina

13 1187 174 1271 lugentes
197 1189 235 1250 de
257 1209 366 1269 puppe
390 1185 441 1250 dei
462 1187 587 1272 iamque
610 1189 707 1252 obvia
729 1188 849 1274 mergis

15 1288 123 1353 Costa
147 1289 224 1352 ratis
247 1293 383 1352 lacerae.
430 1291 524 1352 Nunc
547 1293 639 1353 etde
662 1291 783 1374 cespite
807 1292 883 1357 vivo

15 1393 153 1478 Frange
176 1391 312 1474 aliquid3
336 1392 455 1476 largire
478 1392 588 1475 inopi,
613 1413 652 1455 ne
674 1393 780 1475 pictus
803 1397 936 1459 oberret

17 1492 181 1558 Caerulea
203 1493 237 1556 in
259 1495 379 1557 tabula.
402 1529 444 1541 -
466 1495 531 1559 Sed
552 1517 687 1559 coenam
709 1496 829 1560 funeris
851 1499 946 1561 heres

16 1597 179 1681 Negliget
200 1597 322 1674 iratus,
348 1601 435 1680 quod
456 1620 524 1661 rem
546 1599 747 1662 curtaveris:
773 1622 871 1664 urnae

18 1699 106 1763 Ossa
129 1699 266 1763 inodora
290 1700 395 1776 dabit,
421 1720 478 1763 seu
499 1700 621 1782 spirent
642 1702 784 1766 cinnama
806 1706 935 1767 surdum
1105 1702 1145 1766 35

18 1803 85 1865 Seu
109 1822 226 1865 ceraso
247 1813 382 1884 peccent
397 1802 525 1880 casiae,
549 1803 674 1868 nescire
695 1816 838 1887 paratus.
1101 1806 1105 1811 ’

20 1907 148 1978 „Tune
172 1907 264 1968 bona
278 1905 447 1969 incolumis
470 1904 643 1968 minuasl'’
665 1938 707 1950 -·
730 1908 794 1970 Sed
816 1907 943 1970 Bestius
965 1918 1061 1992 urget

19 2005 192 2070 Doctores
216 2008 360 2072 Graioss
406 2007 477 2079 „Ita
500 2007 549 2084 fit,
573 2021 745 2092 postquam
768 2030 881 2091 sapere
903 2008 976 2072 urbi

20 2108 107 2173 Cum
131 2109 245 2191 pipere
268 2120 305 2171 et.
320 2109 434 2191 palmis
458 2110 545 2173 venit
567 2123 711 2175 nostrum
735 2112 798 2175 hoc
821 2110 913 2174 marie
935 2131 1070 2194 expers,

19 2211 222 2275 Foenisecae
245 2232 357 2275 crasso
378 2209 531 2275 vitiarunt
553 2212 695 2297 unguine
718 2213 858 2295 pultes.’'
881 2245 922 2256 -
1106 2215 1148 2276 lu

12 2315 116 2377 Haec
138 2314 245 2377 cinere
268 2312 404 2378 ulterior
427 2313 571 2378 metuas?
593 2347 633 2359 —
657 2317 703 2378 At
725 2326 778 2392 tu,
804 2337 891 2379 meus
913 2317 1006 2380 heres

92 2495 138 2543 23.
160 2520 189 2531 -
209 2498 311 2543 rumdos
335 2499 366 2543 T.
386 2523 419 2533 -
438 2499 566 2544 scombros
583 2499 664 2543 ttAtu.
684 2499 744 2544 item
762 2499 809 2556 t2.‚
830 2501 871 2545 sed
892 2513 1016 2556 superscr.
1036 2501 1145 2547 rombus.

21 2566 57 2610 lb.
78 2587 116 2600 -
134 2566 198 2612 adeo
217 2570 249 2613 V.
299 2566 341 2614 24.
372 2589 403 2604 -
429 2575 514 2618 leuues
533 2594 543 2604 -
562 2595 571 2605 -
590 2569 688 2614 solitus
706 2568 758 2617 RA.
808 2569 845 2613 lb.
865 2568 1008 2629 turdarum]
1038 2572 1086 2615 SV.
1116 2592 1145 2603 -

20 2636 155 2682 turdorum
173 2637 295 2683 RESAM.
331 2636 373 2684 25.
394 2657 427 2672 -·
441 2637 510 2697 plius
525 2640 557 2683 T.
595 2636 637 2683 26.
658 2639 793 2683 -metuis
811 2639 900 2684 Omnes
915 2640 962 2684 mei
983 2645 1079 2695 praeter
1098 2640 1146 2693 M..

21 2708 79 2763 qui:
110 2713 220 2756 metuas.
270 2709 306 2752 lb.
329 2722 439 2752 -occa
468 2722 543 2769 seges
561 2708 593 2752 T.
612 2709 754 2753 Vincentius
774 2709 896 2753 Beliosae.
919 2707 993 2766 Sper.
1013 2707 1092 2753 doctr.
1117 2707 1166 2763 5..

21 2773 80 2822 1⁰5.
94 2777 135 2834 qui
146 2777 204 2822 ilem
214 2783 365 2826 metuas.-
373 2791 434 2822 oceo
443 2792 474 2821 en
483 2791 558 2838 seges
571 2777 600 2822 A.
610 2778 654 2833 (-
663 2778 753 2822 metuis
763 2779 833 2822 sicco
844 2791 965 2834 superscr.
977 2790 1037 2821 occe
1047 2773 1091 2832 R.)
1104 2774 1146 2822 27.

20 2846 98 2891 -As
115 2853 186 2892 secut
200 2845 242 2908 off.
257 2846 293 2891 Μ.
317 2869 345 2880 -
365 2846 474 2892 Advoeat
486 2846 528 2909 off.
548 2847 578 2894 F.
616 2847 652 2890 lb.
672 2867 702 2881 -
720 2847 804 2891 brutio
823 2847 876 2895 TA.
896 2843 939 2890 28.
951 2844 1104 2890 -Prendet
1114 2847 1146 2890 V.

20 2915 55 2959 lb.
76 2935 115 2951 -
134 2930 165 2959 ac
182 2930 236 2959 rem
254 2930 351 2960 omnem
368 2918 399 2962 R.
437 2914 479 2962 29.
500 2936 534 2949 -·
551 2916 578 2959 itt
598 2914 669 2960 Ious'o
689 2916 726 2961 M.
748 2912 801 2960 lb.
823 2932 855 2949 ¹-
875 2922 899 2960 et
916 2913 966 2959 ude
984 2916 1013 2959 tt.
1052 2912 1093 2959 33.
1114 2938 1147 2948 -

20 2998 109 3029 ees-nm
124 2985 268 3044 injunctis
282 2986 311 3030 A.
350 2984 392 3031 34.
415 2996 447 3030 =
466 2984 592 3046 Negleget
609 2987 642 3030 V.
680 2982 722 3033 35.
743 3006 777 3021 -
800 2983 923 3029 inhonora
946 2986 976 3028 F.
996 3002 1032 3018 ··
1049 2982 1149 3028 mordo-

21 3067 51 3099 sa
69 3054 131 3113 (sic)
147 3069 273 3110 supensos.
295 3054 403 3099 inodora
423 3056 453 3100 u.
492 3053 529 3098 lb.
549 3067 659 3113 cynismo
672 3053 701 3098 A.
740 3050 781 3100 37.
801 3051 861 3112 Sed]
881 3053 971 3098 Omnes
986 3052 1033 3096 mei
1053 3057 1149 3106 praeter

20 3124 74 3177 Μ..
106 3126 147 3182 qui
176 3131 209 3168 et.
260 3123 302 3170 39.
327 3144 361 3159 -
388 3122 434 3168 boe
454 3129 569 3169 nostrum
589 3125 621 3167 V.
647 3141 682 3155 -
710 3128 824 3167 nostrum
852 3119 894 3164 liic
915 3121 945 3168 E.
973 3120 1074 3175 (Omnes
1101 3120 1149 3165 mei

20 3192 161 3249 nostrum.)
210 3191 253 3238 il.
278 3217 302 3227 -
327 3208 358 3237 nc
377 3199 403 3237 tu
421 3195 457 3238 M.
477 3216 501 3229 -
525 3198 569 3236 out
587 3199 614 3237 tu
631 3191 661 3235 E.

22 3297 177 3311 ⁸⁸——

93 3353 137 3400 24.
159 3354 290 3400 turdorum
308 3370 339 3400 w.
386 3353 428 3400 26.
447 3355 538 3400 instuit
556 3354 658 3410 pwPW.
709 3348 751 3398 37.
768 3349 801 3396 Er
816 3336 919 3396 Bestius
936 3364 974 3407 rp.
1022 3347 1064 3396 39.
1084 3351 1150 3397 seuit

21 3432 135 3471 uestrum
155 3426 183 3469 de
199 3426 302 3469 Bentleii
321 3426 385 3470 coni.
408 3440 430 3469 r.

25 3525 178 3538 —.—

93 3583 139 3631 24.
162 3585 308 3630 Turdorum
323 3599 398 3631 nosse
416 3584 534 3645 salisam]
553 3586 685 3645 Cognoscit
700 3586 825 3629 turdorum
840 3596 950 3638 sapores.
987 3583 1071 3627 Solent
1086 3582 1150 3629 enisu

22 3659 121 3713 quidam
147 3657 218 3715 gulae
239 3656 313 3700 dediti
333 3660 412 3700 tantm
432 3656 571 3701 subtilitatis
589 3655 677 3699 babere
696 3655 815 3709 palatum,
842 3657 867 3696 ut
885 3652 1026 3710 dignoscant
1046 3654 1150 3708 turdos,

23 3740 50 3769 sn
67 3726 201 3777 cellarius,
220 3739 249 3768 an
266 3727 385 3769 terrarius
398 3723 469 3782 (,‚Al.
489 3725 627 3769 sicarius.”
645 3721 724 3779 Pitb.)
737 3723 785 3766 sit:
805 3736 835 3765 an
852 3723 989 3775 masculus,
1010 3736 1039 3766 an
1051 3722 1150 3767 lemine.

23 3793 174 3839 Tus-durum
192 3794 252 3838 dixit
268 3794 382 3848 abusive,
403 3807 475 3851 quom
493 3793 624 3838 turdorum
641 3792 773 3845 debuerat,
796 3796 821 3835 ut
836 3791 949 3834 Horatius
968 3792 1004 3846 (S.
1019 3791 1029 3835 l
1035 3790 1082 3847 ‚·5.
1096 3789 1152 3848 72.)

22 3866 108 3919 ponit:
141 3862 225 3908 Poene
243 3876 345 3907 suucros
366 3865 433 3907 ursit
452 3863 512 3908 ditm
538 3862 625 3908 turdos
653 3865 737 3907 versut
764 3860 791 3903 in
809 3860 876 3919 igni.
920 3856 963 3905 su.
982 3860 1102 3920 lugentes
1120 3859 1151 3904 de

19 3947 105 3991 puppe
134 3930 187 3989 dei]
215 3932 318 3976 Navium
347 3935 448 3977 tutelam
466 3934 541 3988 dicit,
573 3945 644 3989 quam
666 3932 691 3975 iu
718 3928 835 3984 puppibus
864 3928 951 3974 babent
978 3932 1016 3974 sel
1042 3931 1150 3987 pingunt.

24 4000 65 4050 35.
86 4014 149 4046 ossa
168 4000 285 4060 inodora]
304 4003 361 4047 Siue
378 4004 523 4060 unguentis,
554 4003 591 4046 sel
607 3997 745 4053 inhonora,
766 4000 905 4053 sepulturae
918 3999 1011 4041 honore
1033 3997 1150 4040 essentis.

24 4068 65 4118 tu.
86 4067 183 4117 Crasso
201 4072 324 4115 sitierunt
339 4070 462 4131 unguine]
482 4073 566 4116 Solent
577 4070 670 4123 rustici,
685 4081 757 4127 quom
770 4067 977 4120 oleumdeiueeit,
991 4065 1152 4118 ‘adipepecu-

23 4142 80 4185 dum
98 4141 122 4185 iu
141 4142 232 4196 pultem
250 4143 327 4185 misso
345 4155 390 4197 pro
414 4142 470 4185 oleo
489 4142 531 4185 uli.
584 4136 626 4185 55.
646 4135 759 4183 Bovillae
778 4142 834 4181 sunt
853 4136 920 4179 vicus
944 4136 974 4176 ad
1001 4130 1152 4176 undecimum

23 4212 128 4267 lapidem
150 4210 241 4266 Appiae
260 4211 329 4255 viae:
360 4211 418 4268 quia
435 4211 563 4267 aliquando
581 4211 605 4253 iu
621 4208 715 4251 Albano
737 4209 817 4249 moute
838 4203 868 4246 ab
892 4213 934 4244 ara
954 4200 1048 4256 lugiens
1068 4201 1151 4240 taurus

24 4280 71 4325 iam
90 4286 264 4335 consecratus,
290 4280 324 4324 ibi
340 4278 525 4340 comprehensus
547 4282 592 4324 est.
628 4277 685 4320 lude
703 4272 811 4317 Bovittse
830 4271 914 4315 dictas.
