2736 4748
1108 185 1170 250 289

108 340 257 404 CXVII.
280 336 459 402 Eiusdem.
483 340 526 402 Se
538 336 655 416 fldem
676 350 907 404 servaturum.
929 342 987 421 (L.
1014 341 1046 407 3.
1068 341 1117 420 3.)

46 466 86 531 Si
106 477 181 549 post
202 466 270 528 iata
292 486 398 529 novos
421 464 540 528 animas
561 486 671 529 errare
691 488 751 548 per
773 478 860 531 artus

112 570 204 631 Vera
228 571 344 631 docent
365 566 461 629 Samii
483 570 637 650 dogmata
659 579 733 632 nota
757 569 859 646 senis,

45 670 120 734 Nec
142 682 220 750 pote
243 689 329 730 mens
345 670 462 730 eadem
485 668 601 730 mutari
609 712 619 745 ,
643 690 698 732 seu
720 669 808 733 ferus
832 670 902 735 altis

112 773 213 833 Erret
236 791 314 852 aper
336 769 424 833 silvis
446 791 502 831 seu
526 791 607 854 vaga
631 781 736 834 cantet
759 770 846 834 arist
936 850 941 853 Δ

49 873 128 954 lpse
152 892 218 954 ego
242 873 343 948 (ruens
366 871 514 953 quoniam
537 883 585 933 est
607 871 661 933 arni
683 869 966 954 servirepueiiae)
1152 875 1172 937 5

111 975 297 1057 Exsurgarn
321 973 448 1035 maestis
468 984 574 1036 turtur
596 975 637 1055 ab
659 974 832 1057 exsequiis·

45 1148 215 1214 CXVIII.
238 1147 416 1213 Eiusdem.
438 1152 479 1214 In
501 1144 651 1213 Leonem'
667 1153 713 1214 X.
732 1153 832 1214 Pout.
853 1152 960 1216 Mox'.
983 1151 1043 1233 (L.
1066 1149 1099 1214 3.
1123 1152 1169 1230 8.)

45 1281 148 1341 Sacra
165 1271 230 1340 'snb
253 1288 414 1354 extrema,
439 1276 466 1338 si
488 1276 574 1340 sorte
596 1277 775 1361 requiritis,
800 1282 879 1341 hora

110 1378 184 1443 Cur
205 1381 278 1443 Leo
300 1399 364 1441 non
386 1377 493 1460 potuit
515 1379 665 1442 sumere?
696 1380 904 1443 vendiderat.

43 1557 176 1620 CXIX·
199 1554 377 1618 Eiusdem.
401 1556 460 1617 Ad
469 1555 641 1636 patriam,
666 1567 849 1640 antequam
863 1555 930 1620 iret
951 1557 988 1621 in
1008 1557 1168 1623 exilium.
1257 1553 1261 1559 ’

518 1658 577 1734 (L.
601 1657 634 1720 3.
659 1658 706 1733 9.)

42 1785 254 1866 Parthenope
278 1783 352 1847 mibi
374 1786 456 1847 culta
482 1787 572 1860 vale,
597 1785 795 1853 blandissima
821 1785 935 1863 Siren,

107 1888 220 1967 Atque
242 1885 329 1948 horti
353 1888 476 1949 valeant
499 1887 757 1968 Hesperidesque
786 1898 871 1950 tatae.

41 1986 237 2069 Mergiilina
260 1979 329 2049 nale
352 1986 454 2049 nostri
476 2008 597 2051 mernor
619 1998 649 2048 ct
671 2009 738 2049 mea
760 1988 863 2051 flentis

110 2088 205 2149 Serta
226 2108 326 2168 cape,
350 2088 412 2149 heu
435 2087 554 2150 domini
577 2110 705 2150 munera
729 2076 822 2150 avara
846 2086 906 2150 tui.

40 2187 216 2252 Maternae
238 2190 360 2252 salvete
383 2189 532 2263 umbrae,
555 2191 675 2250 salvete
697 2196 881 2269 paternae,

108 2285 263 2367 Accipite
286 2294 318 2348 et
339 2285 456 2348 rostris
478 2296 568 2347 turea
592 2288 673 2358 dona
696 2286 794 2348 focis.

39 2388 141 2450 Neve
163 2407 243 2470 nega
265 2397 412 2468 optatos,
436 2386 546 2468 Virgo
570 2387 756 2461 Sebethias,
780 2408 902 2463 anmcs3

108 2486 311 2570 Absentiqne
333 2498 403 2549 tuas
425 2489 478 2549 det
501 2486 576 2548 mihi
598 2506 728 2551 somnus
751 2509 861 2572 aqrtas.

38 2589 112 2653 Det
133 2586 223 2651 sesso
247 2587 382 2652 aestivas
404 2590 534 2651 umbras
556 2577 658 2669 sopor
679 2600 710 2651 ct
732 2588 819 2652 levis'
837 2602 919 2652 mun'

108 2688 319 2773 Fluminaque
341 2688 411 2772 ipsa
433 2678 492 2753 suo
516 2690 586 2752 lene
608 2701 720 2752 sonent
743 2688 891 2771 strepitu.
927 2748 930 2753 ,
1128 2693 1168 2750 to

42 2790 284 2875 Exiliumnam
307 2802 421 2872 sponte
443 2811 594 2874 sequora
608 2793 690 2853 Sors
713 2792 778 2872 ipsa
800 2790 942 2864 favebit3

108 2892 267 2955 Fortibus
288 2894 367 2955 haec
388 2893 480 2956 solita
504 2904 552 2955 est
573 2912 667 2973 saepe
690 2904 723 2955 et
745 2895 854 2957 adesse
878 2892 954 2957 viris

37 2996 87 3059 Et
111 2994 187 3057 mihi
208 3006 280 3056 sunt
302 2994 436 3057 comites
459 2997 594 3070 Musae,
618 3005 692 3057 sunt
713 2993 839 3058 numina
862 3007 965 3060 vatius.

108 3097 155 3159 Et
178 3117 266 3157 mens
288 3096 370 3158 laeta
391 3094 456 3157 suis
479 3098 596 3180 gaudet
617 3098 657 3158 ab
679 3094 847 3177 auspiciis;

35 3196 276 3280 Blanditurque
299 3195 392 3260 animi
413 3209 563 3261 constans
585 3196 759 3275 sententia,
784 3196 928 3280 quamvis
1007 3186 1009 3189 ⁵
1126 3201 1167 3263 15

107 3297 209 3363 Exilii
230 3297 375 3362 meritum
397 3297 438 3361 sit
458 3299 533 3363 satis
554 3297 622 3381 ipsa
644 3298 737 3363 fides.
792 3301 793 3304 ’

130 3453 241 3519 CXX.
283 3454 502 3539 Castigiionii
523 3455 565 3518 de
586 3468 697 3520 morte
719 3457 904 3541 Raphodlis
924 3456 1083 3540 pictoris.

35 3583 146 3666 Quod
166 3582 304 3647 lacerum
327 3603 446 3666 corpus
469 3584 587 3648 medica
610 3598 779 3650 sanaverat
802 3598 870 3648 arte

118 3681 350 3770 Hippolytum,
375 3684 496 3770 Stygiis
519 3697 550 3748 ot
572 3699 742 3775 revocarat
764 3687 872 3771 aquis,

41 3786 104 3852 Ad
128 3785 255 3869 Stygias
277 3784 346 3868 ipse
368 3797 418 3850 cst
439 3798 550 3868 raptus
571 3787 764 3869 Epidaurius
787 3791 905 3852 undas:

112 3884 168 3948 Sic
188 3886 325 3968 pretium
348 3886 432 3949 vitae
454 3908 543 3952 mors
564 3887 626 3951 fnit
647 3886 776 3952 artifici.
854 3925 862 3933 ›
1084 3967 1088 3971 ,

43 3988 103 4052 Tu
126 4008 273 4072 quoque,
299 3989 371 4051 dum
393 3999 471 4053 toto
488 3990 632 4055 laniatam
655 4010 797 4073 corpore
820 3992 956 4057 Romam
1084 3984 1088 3993 ’
1145 3982 1166 4052 5

113 4088 292 4171 Componis
314 4089 415 4168 miro,
441 4092 606 4174 Raphae'l,
632 4090 786 4177 ingenios

37 4195 155 4275 Atque
178 4191 276 4255 Urbis
300 4192 437 4256 lacerum
459 4192 573 4274 icrro,
597 4194 666 4279 igni
688 4195 840 4280 annisque
862 4199 1000 4257 cadaver

83 4292 178 4346 Eetogne
193 4291 249 4333 Pott
258 4290 301 4334 bat.
907 4293 948 4354 19
