2736 4748
40 325 79 390 lie
97 321 245 406 collapsa
266 328 363 386 ruant
383 314 548 384 subductis
565 316 654 397 tecta
676 314 855 385 columnis?

39 429 156 490 Stratus
178 422 265 487 humi
286 422 408 506 palmes
429 422 541 485 viduus
562 419 719 485 desiderat
741 419 855 488 ιιιιιιοι.
927 484 933 495 ,

40 529 112 591 Esto
134 528 242 590 bouus
263 523 371 600 miles,
395 531 486 586 tutor
507 523 630 598 bonus,
655 518 775 585 arbiter
795 519 879 585 idem

41 629 181 711 Integer,
198 625 375 715 ambiguae
398 622 576 707 siquando
598 621 739 686 citabere
762 621 852 702 testis

40 729 240 812 incertaeque
261 726 330 803 reia
351 723 499 797 Phalaris
520 724 595 788 licet
616 722 775 807 imperet,
797 732 834 788 ιιι
851 719 896 787 sis

39 830 168 905 Falsus,
192 838 225 892 et
245 828 374 892 admoto
392 826 490 889 dictet
510 824 657 908 periuria
671 836 786 903 tauro,

38 932 194 994 Summum
216 931 311 995 crede
330 926 420 992 nelaa
442 926 574 991 animam
596 925 764 1010 praeferre
784 923 903 1009 pudori

39 1033 73 1094 Et
92 1038 235 1113 propter
256 1027 353 1092 vitam
377 1027 509 1092 vivendi
529 1018 665 1111 perdere
687 1047 812 1092 musas.

39 1132 160 1216 Dignus
182 1141 287 1195 morte
306 1129 410 1213 perit,
434 1139 547 1194 coenet
566 1129 642 1193 licet
663 1139 773 1194 ostrea
792 1136 919 1195 centum
1098 1127 1150 1193 ,85

40 1235 186 1296 Gaurana
207 1242 239 1295 rt
261 1230 374 1296 Cosmi
394 1240 468 1296 toto
489 1240 653 1314 mergatur
673 1228 770 1295 aiioo.

38 1335 234 1417 Exspectata
256 1332 309 1394 diu
329 1332 453 1395 tandem
475 1329 643 1414 provincia
664 1351 761 1414 quom
781 1341 815 1397 te

27 1436 211 1519 ‘Rectorem
231 1430 385 1514 accipiet,
408 1452 494 1515 pone
512 1431 579 1522 irae
600 1431 693 1496 irena
714 1434 924 1517 modumque,

38 1538 128 1601 Pone
150 1547 182 1599 et
196 1533 368 1598 avaritiaer
391 1531 542 1598 miserere
562 1532 694 1617 inopum
715 1522 899 1600 ιιιοιοιιιιιιιΙ
946 1577 948 1583 .
1151 1601 1156 1621 .

39 1639 125 1703 Ossa·
142 1636 231 1700 vides
250 1656 364 1718 regum
388 1634 499 1700 vacuis
520 1646 652 1699 exsucta
671 1622 832 1705 medullis.
967 1702 973 1709 ,
1111 1638 1155 1703 90

40 1738 201 1820 Respice,
225 1736 302 1820 quid
323 1749 472 1802 moneant
494 1737 602 1822 leges,
625 1736 703 1822 quid
724 1736 814 1802 curia
834 1739 983 1813 mandria

38 1839 192 1909 Praemia.
205 1847 320 1923 quanta
342 1839 449 1903 honos
471 1848 633 1915 mansarum
648 1859 751 1923 ¹quum
771 1838 902 1911 fulmine
927 1839 1015 1906 iusto
1066 1906 1073 1915 ,

37 1942 78 2006 Ει
104 1941 223 2022 Capito
247 1951 279 2005 et
295 1939 453 2004 Numitor
474 1938 617 2017 ruerint,
641 1941 808 2003 ιιιιιιιιιιιιιι
833 1949 965 2019 senatu,

36 2043 166 2107 Piratae
191 2041 336 2125 Cilicum.
380 2041 444 2103 Sed
465 2039 543 2125 quid
561 2040 719 2104 damnatio
744 2038 887 2117 confert,
1132 2076 1153 2106 a

37 2146 144 2226 Quom
166 2141 427 2225 Pansaferipiat,
448 2140 680 2228 quidquidtibi
703 2142 803 2205 Natta
824 2140 977 2228 reliquit?
1114 2147 1155 2213 95

37 2246 258 2322 Praeconem,
282 2244 489 2328 Chaerippo,
512 2244 575 2308 tuis
600 2243 809 2358 circumspice
830 2244 944 2326 pannis
1001 2307 1006 2316 ,

36 2347 171 2438 lamque
194 2357 299 2410 tace..
321 2346 431 2410 Furor
451 2355 501 2409 est
508 2354 600 2428 post
621 2343 726 2408 omnia
744 2346 882 2426 perdere
893 2345 1042 2414 naulum.

35 2440 115 2515 Non
134 2449 217 2512 idem
239 2447 374 2533 gemitus
400 2446 475 2512 olim
500 2467 603 2532 neque
619 2446 741 2511 volnus
762 2457 832 2511 erat
846 2466 913 2530 par

35 2551 237 2616 Damnorum
259 2549 357 2614 sociis
379 2547 567 2614 florentibus
587 2559 620 2612 et
641 2550 740 2613 modo
758 2548 867 2614 victis.

35 2651 154 2727 Plena
166 2649 278 2711 domus
300 2657 377 2735 tunc
398 2643 500 2727 emnia
520 2655 552 2708 et
571 2645 682 2730 ingena
705 2639 809 2709 stabat
830 2666 967 2712 acervus
1031 2698 1033 2702 -
1092 2651 1160 2715 ’100

34 2751 273 2824 Nummorum,
297 2728 454 2830 Spartana
475 2746 634 2827 chlamys,
658 2746 827 2827 conchylia
848 2746 940 2827 Coa,

35 2852 82 2914 Et
107 2870 179 2912 cum
202 2848 366 2937 Parrhasii
386 2846 548 2936 tabulis
521 2847 685 2943 signisque
698 2847 858 2930 Myronis
934 2928 936 2933 Ι

34 2929 231 3017 Phidiacum
250 2951 383 3016 vivebat
403 2929 485 3014 ebur
505 2970 566 3015 nec
586 2970 652 3015 ιιοιι
672 2949 835 3032 Polycleti

33 3149 172 3213 gerunder
189 3141 455 3196 Meneclenoeraiend.
491 3150 545 3198 Cir.
565 3149 679 3209 Spalding
694 3150 723 3194 ad
736 3106 836 3207 Quiriti.
854 3146 879 3197 1.
895 3162 920 3208 p.
935 3144 978 3198 41.
997 3151 1073 3208 (land.
1085 3154 1161 3212 nup.)

34 3218 84 3266 85.
112 3221 176 3275 „,is
205 3221 245 3278 qui
273 3226 350 3264 rnorte
368 3221 453 3279 diguus
471 3226 521 3275 eet,
550 3222 623 3276 perit.
660 3219 721 3263 Tac.
741 3219 804 3264 Αιιιι.
824 3216 858 3276 6,
879 3216 904 3265 6.
924 3221 1030 3267 Tiberii
1036 3224 1163 3275 literarum

34 3290 156 3335 initium:
176 3286 243 3348 Quid
262 3288 374 3332 scribom
388 3289 472 3344 uobis,
490 3288 520 3334 P.
540 3285 587 3344 0.,
606 3286 805 3347 uulpuomodo
799 3251 911 3333 scribam
930 3295 974 3335 oui
990 3289 1163 3370 quidomnlnu

34 3356 92 3404 eron
120 3357 233 3401 rcridnm
254 3355 301 3401 hoc
324 3347 449 3414 tempore,
478 3353 517 3402 dii
533 3371 573 3401 me
590 3355 699 3416 deusque
713 3359 787 3415 peius
802 3356 912 3415 perdunt
929 3372 1004 3418 quam
1017 3360 1105 3417 perire
1123 3374 1164 3407 me

54 3424 156 3471 cotidie
173 3426 267 3480 aeneio,
286 3425 312 3468 ai
334 3426 407 3471 acio?
409 3425 464 3471 ’.G
482 3426 513 3470 F..
533 3427 666 3472 Weberus.
685 3449 718 3461 -
735 3431 833 3471 centum
851 3427 911 3477 licet
928 3433 1013 3471 oatren
1029 3429 1166 3480 coenem.

35 3444 85 3542 36.
108 3508 125 3538 ιι
149 3486 244 3539 Gauro
261 3491 375 3550 (Gierro)
401 3493 546 3551 Campaniae
575 3501 666 3542 monte.
714 3491 819 3545 Cosmus
841 3497 1023 3554 unguentarius
1070 3491 1112 3542 90.
1131 3516 1165 3545 -ι

35 3561 139 3610 exusto
160 3562 211 3608 AC.
229 3563 323 3621 ‘Margo
345 3563 376 3606 D.
401 3586 434 3598 -
459 3569 566 3608 exauria
583 3563 615 3612 G.
635 3578 689 3610 cum
705 3563 809 3610 close:
838 3569 995 3620 ,exerceam
1023 3565 1113 3611 sicca.”
1131 3586 1166 3613 -·.·

34 3637 124 3678 exulo
142 3631 236 3676 BDEF.
255 3651 289 3667 -
306 3629 434 3694 exhaurio
451 3633 539 3691 Margo
560 3634 618 3679 item
628 3634 660 3678 D.
699 3629 741 3683 93.
760 3628 930 3689 ,Cossutianus
949 3629 1054 3692 Capito,
1083 3634 1168 3693 Tigel-

34 3703 85 3747 lini
105 3714 200 3760 gcner,
219 3700 319 3744 Ciliciae
338 3701 489 3756 praelectus,
520 3703 572 3761 lege
589 3704 775 3759 repetundarum
796 3703 931 3749 damnatum
950 3704 1009 3748 Tac.
1031 3702 1094 3748 Anu.
1116 3699 1167 3757 13„

34 3768 86 3820 33.
125 3770 163 3813 De
185 3767 315 3814 Nunnitore
339 3770 398 3813 nihil
421 3773 532 3825 constal,
562 3771 609 3818 nisi
632 3773 696 3829 quod
721 3771 858 3816 nominatur
887 3771 960 3817 eliam
986 3771 1038 3816 Sat.
1058 3767 1103 3826 7.,-1
1121 3767 1167 3829 71.

35 3834 127 3885 Tutor
155 3851 201 3894 pro
218 3836 336 3882 Numitor·
357 3837 445 3883 nabent
463 3839 558 3886 BCDG.
583 3841 722 3887 Aehniutre.
768 3838 850 3884 lulius
877 3837 958 3887 Tutor·
987 3840 1169 3893 Trevirripne

33 3902 139 3960 Rheni,
167 3919 215 3951 uon
248 3906 349 3952 Ciliciae
376 3920 391 3950 a
423 3909 525 3953 Vitellio
557 3909 693 3965 praelectus
719 3913 869 3953 memoratur
893 3909 979 3955 Tacito
1009 3909 1040 3953 fl.
1068 3905 1093 3961 ⁴,
1121 3905 1167 3951 55.

37 3972 86 4023 94.
108 3974 213 4020 Piratae
230 3979 254 4018 ei
271 3971 377 4020 Cilicum
394 3977 425 4022 Ρ.
474 3974 516 4022 95.
542 3975 629 4022 Panaca
655 3982 680 4023 et
704 3974 783 4022 Nulla
806 3978 887 4036 ignota
904 3977 1042 4035 praesidum
1058 3974 1166 4018 nomina.

37 4043 85 4092 96.
108 4039 265 4102 Chaerippus}
283 4043 357 4090 Cilix.
401 4043 444 4092 99.
463 4039 575 4105 ,ioeiial
593 4047 703 4102 dativus,
728 4060 776 4092 uon
794 4048 869 4093 ahiat.
888 4045 985 4093 absol.''
1005 4042 1086 4092 M.
1105 4041 1166 4101 W⁸7

34 4115 129 4160 berna.
177 4110 237 4158 101.
264 4120 344 4179 uestes
362 4127 496 4171 purpureae
513 4113 647 4161 Laconicae
665 4119 692 4164 et
716 4114 797 4164 Coae..
837 4111 897 4159 104.
925 4110 1026 4158 Menios·
1044 4109 1169 4171 caelator,

35 4183 83 4257 qui
103 4181 210 4236 scyphos
227 4184 358 4241 praecipue
375 4183 494 4245 aaronita
510 4183 697 4236 mieceslaum.
716 4182 770 4230 Cic.
787 4184 862 4232 Vere.
881 4178 913 4235 4,
933 4177 975 4229 18.

92 4267 319 4325 ιιιιοςιιιωιιιι
385 4302 391 4313 ι
675 4249 678 4253 ’
891 4258 933 4327 ,16
