2762 4760
44 345 192 411 Hostibus
212 345 386 410 intulerant
407 345 514 429 iguem
536 343 718 410 formidinis
741 367 841 430 erg03
1070 347 1151 409 1245

45 448 115 512 Sive
136 451 224 534 quod
248 447 389 513 inductei
407 459 515 512 terrae
535 446 678 513 bonitate
699 448 852 512 volebant

44 553 181 616 Pandere
202 572 301 636 agros
323 550 469 636 pingueis
490 561 521 614 et
544 571 662 633 pascua
680 552 813 615 reddere
836 573 912 615 rura

45 653 115 717 Sive
134 654 219 717 seras
240 653 424 717 interficere
446 664 479 717 et
498 651 655 717 ditescere
674 657 814 737 praeda:

44 756 119 818 Nam
138 755 234 819 fovea
257 766 352 840 atque
373 754 442 840 igni
464 755 554 838 prius
576 767 624 819 eet
646 755 794 820 venarier
816 769 939 834 ortum,

45 857 140 935 Quam
163 857 287 940 saepire
307 856 412 942 plagis
435 858 548 921 saltum
570 857 764 944 canibusque
786 858 885 923 ciere.
1071 863 1153 925 1250

101 958 263 1044 Quidquid
276 959 310 1022 id
325 971 388 1037 est,
412 981 638 1046 quaquomque
654 983 696 1024 ex
713 982 822 1024 carrusa
837 961 999 1025 flaunmcns
1011 966 1110 1026 ardor

44 1060 203 1125 Horribili
221 1060 328 1127 souitu
348 1061 445 1125 silvas
465 1066 616 1127 exederat
638 1063 711 1127 altis

43 1166 93 1228 Ab
113 1162 275 1227 radicibus
296 1175 328 1228 et
346 1175 464 1227 terram
487 1177 684 1247 percoxerat
704 1164 792 1250 igni,

44 1267 193 1351 Manabat
215 1266 305 1330 venis
323 1266 528 1329 *serventibus
549 1266 582 1330 in
600 1267 674 1332 loca
697 1279 803 1331 terrae

45 1374 191 1440 Concava
212 1368 405 1436 conveniens
426 1367 551 1453 argenti
574 1367 664 1432 rivus
685 1380 716 1434 ct
731 1369 826 1446 auri,
1071 1374 1172 1455 1255!

43 1476 134 1541 Aeris
155 1475 231 1537 item
253 1481 286 1537 et'
305 1470 448 1556 plumbi:
474 1491 573 1556 quae,
596 1492 695 1556 quom
718 1484 870 1538 concreta
890 1472 1039 1538 videbant

44 1577 206 1644 Posterius
229 1576 318 1640 claro
339 1575 372 1638 in
395 1586 499 1638 terras
523 1576 690 1657 splendere
710 1574 843 1651 colore,

45 1681 212 1744 Tollebant
235 1677 339 1741 nitido
363 1676 467 1759 captei
485 1676 614 1762 ldvique
639 1676 771 1759 lepore3

43 1784 84 1845 Et
100 1781 194 1845 simili
216 1782 355 1845 formata
374 1779 526 1845 videbant
548 1801 616 1843 esse
639 1781 762 1864 figura,

43 1886 146 1969 Atque
167 1884 351 1946 lacunarum
370 1883 497 1946 fuerant
521 1881 656 1966 vestigia
675 1882 829 1967 quoique.
1073 1887 1155 1947 {260

45 1989 121 2048 Tum
142 1988 331 2068 penetrabat
351 2007 426 2060 eos,
449 2006 545 2067 posse
568 1986 648 2048 baec
667 1984 840 2069 liquefacta
863 1986 972 2050 calore

45 2088 222 2168 Quamlibet
242 2086 275 2149 in
296 2087 433 2150 sormam
457 2099 489 2150 et
510 2085 625 2150 faciem
649 2091 820 2151 decurrere
843 2111 949 2151 rernm

43 2192 83 2253 Et
103 2212 253 2272 prorsum
278 2189 424 2274 quamvis
444 2188 477 2252 iu
500 2200 591 2252 acuta
611 2210 649 2251 ac
668 2189 775 2252 tenvia
797 2212 894 2273 posse

43 2292 236 2356 Mucronum
260 2288 332 2354 duci
353 2289 482 2374 fastigia
503 2293 731 2372 procudendO,

44 2395 84 2458 Ut
101 2393 161 2456 sibi
183 2394 247 2457 tela
266 2405 379 2475 parent
399 2391 559 2476 silvasque
578 2392 612 2454 'et
633 2397 766 2458 caedere
788 2394 930 2477 possint,
1075 2397 1155 2459 1265

43 2496 209 2559 Materiem
232 2496 360 2570 ldvare,
384 2495 496 2558 dolare
518 2515 556 2557 ac
576 2498 690 2558 radere
712 2496 802 2581 tigna

43 2599 82 2659 Et
101 2601 269 2661 terebrare
291 2597 383 2660 etiam
406 2620 444 2660 ac
465 2601 659 2680 pertundere
681 2621 803 2684 perque
826 2600 950 2665 forare.

101 2702 172 2764 Nec
196 2699 297 2762 rninus
320 2710 455 2783 argento
475 2699 583 2762 facere
605 2702 685 2763 baec
706 2722 849 2787 auroque
872 2706 1027 2784 parabant

43 2801 140 2880 Quam
165 2799 265 2864 v'alidi
286 2800 424 2882 primum
447 2800 598 2865 violentis
622 2801 747 2865 viribus
768 2802 869 2866 aeris:

42 2902 283 2988 Nequidquam
306 2903 457 2986 quoniam
481 2905 613 2967 cedebat
633 2902 718 2966 victa
740 2915 883 2985 potestas
1076 2910 1159 2970 1270

42 3005 108 3068 Nec
127 3016 260 3088 poterat
281 3005 403 3087 pariter
425 3008 537 3068 durum
560 3007 695 3068 sufferre
712 3004 871 3070 laborem.

41 3239 94 3270 rore
111 3231 156 3270 Ar.
177 3226 252 3270 Pius:
284 3230 373 3280 „sunt,
393 3226 432 3283 qni
451 3238 541 3284 rupere
560 3226 659 3286 legant''
683 3249 716 3260 -
740 3226 803 3284 qnod
821 3228 864 3271 W.
883 3227 984 3282 recepit,
1012 3228 1057 3272 Sed
1075 3229 1159 3272 colore

43 3296 115 3340 ectu.
130 3300 154 3340 et
166 3295 230 3340 Edd.
241 3308 336 3340 omnes.
372 3292 448 3340 12⁶5.
467 3301 491 3339 et
501 3294 606 3340 caedere
617 3297 693 3341 Godd.
705 3297 822 3353 plerique.
834 3297 894 3341 Ver.
906 3298 968 3341 Ven.
988 3320 1021 3330 -
1040 3297 1159 3342 excidere

40 3365 105 3409 Brix.
121 3365 215 3410 inu-fl,
271 3361 348 3410 1266.
376 3365 553 3424 materiemque
570 3365 673 3420 dolere,
693 3366 776 3410 iecere
795 3379 826 3409 ue
844 3365 935 3410 redere
953 3366 1045 3425 tigun,·
1062 3367 1159 3412 itafere

39 3434 98 3480 Edu.
116 3440 179 3479 vett.
195 3435 239 3478 W.
258 3447 329 3491 quem
352 3436 373 3479 si
397 3433 481 3478 audias
505 3449 622 3489 „necesse
646 3440 684 3481 est
705 3436 789 3480 terere
813 3449 909 3480 sensnm
932 3436 1022 3480 babere
1041 3438 1160 3481 frondium

41 3506 249 3559 exspoliandnrum
266 3508 336 3559 etque
354 3517 478 3547 ramorum
496 3519 714 3560 supervacuorum,
736 3510 761 3549 ut
773 3506 843 3563 Virg.
854 3505 899 3550 Ge.
914 3503 945 3559 2,
960 3502 1019 3550 400.
1036 3519 1107 3550 omne
1124 3507 1160 3549 Ie·

43 3572 149 3618 rendum
163 3571 263 3617 Fronde
277 3575 392 3619 nernue.”
422 3574 469 3617 Sed
487 3576 583 3619 diverse
600 3577 685 3619 miscet
696 3576 738 3619 W.
759 3589 802 3620 nec
820 3575 903 3618 levare
922 3576 982 3618 nude
1001 3574 1036 3619 eie
1055 3576 1161 3630 positum

40 3644 138 3687 tolerari
157 3647 247 3698 potest.
266 3643 312 3688 Ar.
329 3644 360 3688 P.
385 3644 562 3702 materiemque
585 3643 673 3689 delere
691 3657 722 3686 uc
739 3644 805 3688 leeiu
822 3642 1022 3703 tridentigero,
1050 3646 1110 3689 unde
1129 3645 1159 3691 L.
1200 3659 1203 3665 ·

41 3717 62 3756 el
79 3714 122 3760 W.
142 3717 338 3767 proposuerunt:
358 3712 536 3772 materiemque
549 3712 636 3758 delere
649 3727 679 3756 ue
691 3714 757 3758 leniet
769 3712 874 3757 reddere
887 3712 969 3772 tigne.
1001 3712 1051 3757 Nos
1067 3715 1160 3769 priscos

39 3780 76 3826 Pii
89 3782 169 3826 Codd.
184 3781 216 3826 E.
228 3781 259 3826 fl.
273 3783 348 3826 secuti
362 3794 460 3837 aurnus;
481 3784 644 3838 corruptionis
656 3772 730 3840 ¹origo
748 3783 875 3826 rnauifesio
894 3787 930 3826 eet
948 3782 1016 3826 verbi
1035 3784 1119 3827 leuare
1138 3788 1162 3827 et

39 3850 183 3908 significatio
202 3855 227 3895 et
244 3852 363 3908 quantitas
382 3852 500 3909 ignorata.
522 3849 578 3910 [cd.
593 3853 640 3899 (λε
660 3853 785 3909 silvaeque
804 3857 827 3895 et
845 3850 950 3895 caedere
964 3854 1068 3908 possint
1079 3850 1160 3895 Mute-

39 3924 150 3980 riemque
168 3920 257 3966 dotare
274 3927 299 3965 et
316 3921 399 3965 ieeure
418 3936 448 3965 uc
467 3936 490 3966 r.
510 3927 529 3965 t.
566 3920 611 3965 Cd.
626 3921 673 3966 E.:
693 3922 820 3980 siluaeque
837 3919 943 3965 caedere
957 3923 1061 3979 possint
1077 3918 1159 3965 Mete-

39 3989 150 4049 riemque
167 3989 267 4045 doleret
284 3990 320 4048 (iu
333 4005 411 4050 marg.
426 3988 525 4048 dolere)
542 3991 626 4034 terere
641 4004 671 4034 uc
684 4004 707 4035 r.
720 3997 738 4035 t.
758 3992 834 4035 b'orb.
847 3997 873 4035 nt
885 3991 975 4045 Wak.‚
995 4004 1073 4035 meum
1083 3995 1160 4032 tamen

39 4060 225 4114 explicationem
246 4065 352 4109 secutus.
386 4064 476 4105 Verum
500 4060 640 4105 incredibile
665 4065 702 4105 est
724 4060 864 4105 Lucretium
888 4060 1036 4114 corripuisse
1059 4064 1161 4112 primam

40 4130 94 4181 arti.
114 4130 186 4173 buius
205 4142 228 4174 v.
247 4127 352 4188 liuore]
391 4128 467 4175 1271.
483 4136 583 4188 poterut
599 4131 630 4174 Ε.
647 4129 678 4175 L.
695 4131 725 4174 Η.
743 4129 836 4174 Eichst.
856 4150 889 4163 -
903 4134 1022 4184 poterunt
1034 4128 1087 4171 neit.
1102 4127 1161 4172 duee

40 4202 171 4252 potestates
189 4198 242 4243 euri
260 4204 284 4244 et
301 4202 406 4258 argenti,
432 4213 445 4244 e
464 4200 524 4244 Cdd.
538 4201 595 4256 aliq.
610 4199 663 4256 (C.)
676 4200 718 4242 W.
729 4198 805 4243 Forb.
826 4199 873 4242 Sed
887 4197 989 4251 uereor,
1010 4197 1113 4253 ne,„qni
1129 4196 1161 4238 ita

40 4268 204 4324 scripserunt,
223 4282 267 4323 per
285 4283 396 4317 errorem
414 4269 513 4314 verbnm
530 4269 592 4314 istud
611 4269 739 4316 retulerint
756 4264 785 4311 ad
804 4265 927 4311 dominer.
