2762 4762
1120 172 1182 239 ala

64 332 154 394 Luna
177 329 288 406 venit3
310 350 409 395 roseo
431 330 503 394 talis
525 352 585 413 per
607 329 712 392 uirbila
735 332 851 394 denotor
1019 328 1052 365 Ψ
1140 331 1183 394 30

64 433 176 513 Implet
198 433 322 496 honore
345 451 454 494 neurus
476 432 634 516 talemque
656 444 820 515 exspectat
843 432 1012 497 amanteuu
1059 454 1062 461 ’

64 534 147 596 Eece
168 543 271 595 autern
294 532 429 614 pavidae
453 532 549 617 virgo
572 536 610 596 de
633 555 722 596 more
745 535 932 608 columbae,

64 634 151 714 Quae
173 655 270 716 super
291 634 412 716 ingenti
435 633 627 696 circumdata
642 636 811 716 ‘praepetis
835 637 946 698 trrnbra

63 736 96 797 lo
121 756 343 819 quemcunque
366 747 504 798 tremens
524 735 684 799 homiuem
707 736 810 810 cadit,
835 737 921 801 baud
942 756 1034 799 secus
1053 735 1110 798 illa

63 836 142 901 Acta
165 835 281 899 timore
304 835 396 918 gravi
420 837 550 898 mediam
573 858 608 899 se
631 835 735 909 misit3
759 848 790 898 at
811 837 865 900 ille
1141 835 1182 897 35

63 935 200 1018 Excepit
222 937 405 1020 blandoque
427 936 518 1017 prior
540 937 587 999 sic
609 958 667 1000 ore
690 938 834 1000 loeutust

64 1040 120 1110 „0
142 1041 238 1101 decus
260 1036 292 1100 in
315 1049 445 1100 nostros
469 1059 614 1119 rnaguurn
640 1050 770 1100 ventura
795 1051 947 1119 penates,

63 1140 202 1223 Solaque
224 1149 384 1200 tantarum
408 1137 504 1222 virgo
526 1140 611 1200 haud
631 1137 760 1222 indigua
784 1138 907 1202 viarum

63 1238 165 1303 Carasa
188 1252 315 1321 reperta
338 1238 430 1313 mihi,
455 1238 515 1301 iarn
537 1240 600 1301 iarn
623 1260 687 1303 nou
711 1241 775 1303 ulla
796 1240 930 1324 requiro

63 1341 192 1403 Vellera
215 1350 311 1422 teque
333 1360 422 1403 meac
444 1340 520 1403 satis
542 1352 591 1403 est
614 1340 739 1404 vexisse
761 1342 900 1404 carinae.
1140 1342 1182 1403 lo

63 1443 184 1504 Verum
208 1461 286 1525 ago,
311 1452 343 1504 et
364 1443 428 1504 hoc
449 1440 560 1518 etiarn,
585 1444 712 1524 quando
734 1453 845 1524 potes,
870 1442 969 1504 adiice
992 1441 1084 1505 tantis

63 1543 257 1606 Muneribus
279 1541 463 1626 meritisque
485 1540 571 1617 tuis;
595 1563 730 1625 namque
753 1563 848 1606 aurea
871 1543 947 1605 iussi

64 1645 170 1728 Terga
192 1644 315 1708 referre
337 1664 464 1727 sirmus3
488 1642 596 1707 socios
619 1664 655 1705 ea
679 1644 783 1728 gloria
807 1644 946 1728 taugi1.’'

63 1743 115 1806 Sic
137 1744 200 1820 ait,
223 1755 255 1807 et
276 1743 385 1826 primis
408 1745 545 1825 supplex
568 1745 653 1807 dedit
676 1746 785 1809 oscula
808 1745 933 1827 palmis.

103 1845 229 1912 Contra
251 1844 347 1930 virgo
370 1845 463 1909 novis
486 1846 598 1908 iterum
622 1845 813 1930 singultibus
835 1866 910 1910 orsa
933 1857 1002 1910 est:
1141 1849 1181 1910 115

63 1946 217 2031 „Linquo
238 1949 351 2011 domos
373 1946 492 2028 patrias
513 1957 545 2008 te
565 1959 702 2030 propter
724 1968 867 2031 opesque
890 1969 1052 2022 meorum

63 2045 132 2106 Nec
152 2045 215 2137 jam
237 2065 320 2106 nuuc
341 2044 451 2129 regina
474 2046 611 2129 loquor,
635 2045 835 2128 sceptrisque
858 2045 976 2108 relictis

63 2146 154 2209 Vota
174 2166 311 2229 sequor;
335 2166 427 2208 serva
451 2147 532 2208 banc
553 2147 732 2229 profugae,
754 2146 847 2227 prior
868 2146 938 2226 ipse
961 2143 1074 2208 dedisti

64 2245 167 2325 Quam
190 2246 266 2322 (scis
288 2250 413 2328 nempe)
434 2232 539 2313 iidem.
582 2246 626 2310 Di
648 2247 766 2312 nostris
789 2247 924 2310 vocibus
947 2250 1080 2322 adsunt,

64 2346 178 2410 Sidera
200 2357 232 2411 et
254 2350 334 2410 haec
356 2359 386 2411 te
409 2369 523 2431 meque
546 2349 672 2424 vident3
694 2360 799 2412 tecum
823 2368 982 2432 aequora,
1007 2361 1109 2411 tectuu
1141 2351 1182 2411 50

63 2447 226 2530 Experiar
247 2468 452 2534 quascunque
476 2449 561 2525 vias3
585 2453 682 2513 modo
705 2469 745 2514 ne
766 2449 839 2534 quis
860 2451 1002 2512 abactam

63 2550 140 2612 Huc
159 2549 280 2613 reserat
299 2571 349 2613 rue
371 2552 458 2615 forte
480 2551 548 2615 dies
569 2553 734 2636 oculisque
755 2551 895 2632 parentis

62 2652 218 2734 lugerar3
241 2653 311 2716 hoc
326 2673 481 2734 superos,
504 2654 568 2715 hoc
590 2664 621 2716 te
643 2673 771 2736 quoque
790 2654 976 2734 deprecor,
1002 2652 1160 2733 hospes.''

13 2819 16 2823 ,
105 2754 198 2815 Haec
220 2751 263 2815 ait
283 2764 378 2837 atque
400 2755 509 2817 ferreus
531 2754 642 2836 rapido
666 2775 725 2835 per
746 2754 837 2816 devia
859 2773 953 2834 passu

64 2853 223 2917 Tollitur.
268 2854 328 2918 Ille
351 2856 462 2917 haeret
483 2876 590 2919 comcs
612 2866 645 2918 ct
666 2854 834 2917 miseratur
856 2864 999 2927 euntem,
1141 2855 1180 2916 55

63 2955 171 3035 Quom
194 2954 300 3020 subito
322 2955 482 3040 ingentem
505 2956 606 3033 media
628 2957 710 3019 inter
731 2953 840 3017 nubila
859 2956 1016 3017 flammatu
1047 3010 1050 3015 ,

64 3054 235 3137 Conspicit
257 3068 288 3119 et
308 3078 403 3120 saeva
426 3059 587 3121 vibrantes
608 3059 679 3121 luce
700 3060 865 3121 tenebras.

64 3157 171 3235 „Quis
193 3157 297 3222 rubor
317 3156 378 3221 iste
399 3154 493 3240 poli?
515 3162 602 3243 quod
624 3170 686 3221 tatu
710 3161 848 3243 lugubre
869 3158 995 3221 refulsit

63 3258 211 3320 Sidus?”
234 3258 295 3333 ait;
317 3261 420 3322 reddit
440 3260 569 3341 trepido
592 3261 642 3324 cui
665 3259 737 3322 talia
760 3261 880 3349 virgus

62 3359 192 3442 „Ipsius
215 3381 254 3424 eo
277 3362 389 3426 oeulos
411 3372 443 3425 et
465 3362 580 3426 lumina
602 3374 697 3428 torva
719 3361 869 3426 draconis
1141 3362 1182 3423 (ιθ

63 3590 130 3636 eet.''
154 3612 187 3623 -
205 3589 283 3649 longa
301 3614 311 3627 ·
329 3614 340 3626 ·
358 3596 459 3637 senocto
476 3591 565 3648 Volgo.
613 3587 654 3635 16.
684 3603 811 3649 utruquem
830 3614 840 3626 ·
859 3615 869 3626 ·
887 3587 1045 3646 spernendo,
1078 3592 1104 3631 ut
1129 3592 1183 3642 pote

63 3672 126 3718 quoe
156 3658 284 3703 maximum
311 3662 462 3704 commodum
487 3674 515 3704 ac
542 3661 642 3704 salutern
662 3661 683 3705 ei
702 3662 803 3704 allatura
822 3664 894 3703 esset.
920 3681 958 3713 —,
980 3671 1106 3717 uuupuom
1124 3669 1169 3713 eps

63 3727 149 3772 raudo
166 3727 252 3779 Barth.
270 3751 303 3762 -
321 3741 371 3771 uon
389 3727 551 3784 aspernando
569 3730 651 3773 Heius.
702 3725 744 3772 20.
771 3724 861 3785 eiecto]
883 3741 936 3771 curu
954 3728 1014 3772 cde.
1038 3726 1132 3770 Weicb.
1155 3746 1183 3757 -

62 3801 150 3841 erecto
168 3798 255 3854 Volgo.
307 3793 349 3840 23.
367 3793 435 3855 serit
452 3799 571 3852 „pedibus
589 3797 693 3853 pulsat.”
717 3797 801 3839 Burin.
834 3795 919 3852 (porei
935 3797 1007 3852 uoti,
1033 3796 1183 3841 Melicertes.

61 3870 100 3901 ¹·-
117 3864 214 3908 coniux
232 3864 369 3919 Athamas.)
414 3864 455 3910 28.
474 3866 625 3920 Endymion,
645 3880 658 3910 a
677 3865 763 3908 Latino
782 3864 869 3910 Cariae
887 3870 978 3909 monte.
1016 3863 1057 3909 29.
1081 3885 1110 3896 -
1130 3864 1187 3928 elo-

63 3934 100 3979 tie
116 3933 235 3977 cornibus
254 3935 337 3983 Heius.
384 3934 430 3977 uad
455 3939 491 3979 est
515 3936 593 3992 imago
614 3936 705 3978 Dianae
734 3946 790 3987 prae
812 3934 953 3979 verecundia
971 3935 1024 3979 velo
1052 3937 1122 3987 ceput
1143 3932 1185 3974 ob·

63 4005 183 4047 ducentis.
203 4002 314 4047 Gaussiu.
347 4002 389 4050 33.
408 4016 485 4059 super
503 4016 546 4058 pro
563 4004 680 4062 desuper.
713 3999 757 4047 3⁵.
776 4000 839 4047 Actu
857 4028 867 4040 ·
885 4026 895 4039 ·
913 4016 941 4047 eo
959 4000 1038 4058 vuisit]
1057 4015 1111 4049 coru
1122 4000 1184 4043 Cili.

64 4072 164 4117 Weieb.
185 4090 219 4105 -
236 4072 288 4115 icto
307 4097 316 4108 ·
335 4096 345 4108 ·
363 4088 391 4118 eo
409 4072 516 4117 iruenieit
528 4073 611 4119 Burin,
651 4070 693 4116 tl.
713 4075 795 4132 „wig
812 4063 917 4137 ἄκροις
933 4068 993 4119 τῶν
1009 4063 1187 4118 δακτύλων.”

65 4141 109 4188 W.
154 4136 196 4184 48.
225 4141 406 4197 „Coniugium
431 4143 494 4198 quod
518 4142 587 4184 lason
612 4141 735 4186 voverat.’'
754 4142 796 4186 W.
816 4163 849 4176 -
860 4137 922 4201 sete
940 4138 1101 4185 Slotltouuesi
1118 4148 1185 4191 susp.

67 4207 109 4260 53.
130 4207 248 4269 ingeror]
267 4223 319 4255 cum
338 4213 398 4256 llud.
419 4210 460 4255 W.
482 4233 514 4244 -
532 4210 635 4270 ingeret
652 4212 740 4269 volgo.
