<?xml version="1.0" encoding="UTF-8"?>
<!DOCTYPE html PUBLIC "-//W3C//DTD XHTML 1.0 Transitional//EN"
    "http://www.w3.org/TR/xhtml1/DTD/xhtml1-transitional.dtd">
<html xmlns="http://www.w3.org/1999/xhtml" xml:lang="en" lang="en">
 <head>
  <title>
</title>
<meta http-equiv="Content-Type" content="text/html;charset=utf-8" />
  <meta name='ocr-system' content='tesseract 3.04.00' />
  <meta name='ocr-capabilities' content='ocr_page ocr_carea ocr_par ocr_line ocrx_word'/>
</head>
<body>
  <div class='ocr_page' id='page_1' title='image "./eclogaepoetarum02orelgoog_0186.png"; bbox 0 0 2750 4744; ppageno 0'>
   <div class='ocr_carea' id='block_1_1' title="bbox 30 337 1004 2833">
    <p class='ocr_par' dir='ltr' id='par_1_1' title="bbox 30 337 1004 2833">
     <span class='ocr_line' id='line_1_1' title="bbox 31 337 919 425; baseline 0 -22"><span class='ocrx_word' id='word_1_1' title='bbox 31 338 181 418; x_wconf 79' lang='lat' dir='ltr'>Corpora</span> <span class='ocrx_word' id='word_1_2' title='bbox 203 337 533 425; x_wconf 56' lang='lat' dir='ltr'><strong>disponens1mcntcm</strong></span> <span class='ocrx_word' id='word_1_3' title='bbox 557 359 623 402; x_wconf 88' lang='lat' dir='ltr'><strong>non</strong></span> <span class='ocrx_word' id='word_1_4' title='bbox 645 337 724 402; x_wconf 84' lang='lat' dir='ltr'><strong>vidit</strong></span> <span class='ocrx_word' id='word_1_5' title='bbox 745 339 778 402; x_wconf 89' lang='lat' dir='ltr'><strong>in</strong></span> <span class='ocrx_word' id='word_1_6' title='bbox 804 351 890 414; x_wconf 83' lang='lat' dir='ltr'><strong>arte3</strong></span> <span class='ocrx_word' id='word_1_7' title='bbox 913 342 919 349; x_wconf 83' lang='grc'><strong><em>’</em></strong></span> 
     </span>
     <span class='ocr_line' id='line_1_2' title="bbox 88 437 773 521; baseline -0.003 -18"><span class='ocrx_word' id='word_1_8' title='bbox 88 441 193 503; x_wconf 84' lang='lat' dir='ltr'><strong>Recta</strong></span> <span class='ocrx_word' id='word_1_9' title='bbox 216 437 310 521; x_wconf 79' lang='lat' dir='ltr'><strong>animi</strong></span> <span class='ocrx_word' id='word_1_10' title='bbox 330 437 469 518; x_wconf 87' lang='lat' dir='ltr'><strong>primurn</strong></span> <span class='ocrx_word' id='word_1_11' title='bbox 493 438 601 502; x_wconf 83' lang='lat' dir='ltr'>debuit</span> <span class='ocrx_word' id='word_1_12' title='bbox 622 460 690 502; x_wconf 87' lang='lat' dir='ltr'><strong>esse</strong></span> <span class='ocrx_word' id='word_1_13' title='bbox 709 440 773 503; x_wconf 87' lang='lat' dir='ltr'><strong>via.</strong></span> 
     </span>
     <span class='ocr_line' id='line_1_3' title="bbox 30 538 933 607; baseline 0.002 -4"><span class='ocrx_word' id='word_1_14' title='bbox 30 542 122 603; x_wconf 86' lang='lat' dir='ltr'><strong>Nunc</strong></span> <span class='ocrx_word' id='word_1_15' title='bbox 143 538 239 607; x_wconf 86' lang='lat' dir='ltr'><strong>maris</strong></span> <span class='ocrx_word' id='word_1_16' title='bbox 260 539 292 600; x_wconf 93' lang='lat' dir='ltr'><strong>in</strong></span> <span class='ocrx_word' id='word_1_17' title='bbox 315 550 436 601; x_wconf 89' lang='lat' dir='ltr'><strong>tantum</strong></span> <span class='ocrx_word' id='word_1_18' title='bbox 458 549 555 602; x_wconf 86' lang='lat' dir='ltr'><strong>vento</strong></span> <span class='ocrx_word' id='word_1_19' title='bbox 573 540 728 602; x_wconf 89' lang='lat' dir='ltr'><strong>iactamur</strong></span> <span class='ocrx_word' id='word_1_20' title='bbox 758 552 789 604; x_wconf 92' lang='lat' dir='ltr'><strong>et</strong></span> <span class='ocrx_word' id='word_1_21' title='bbox 810 543 933 605; x_wconf 87' lang='lat' dir='ltr'><strong>bostem</strong></span> 
     </span>
     <span class='ocr_line' id='line_1_4' title="bbox 92 639 933 723; baseline 0.005 -21"><span class='ocrx_word' id='word_1_22' title='bbox 92 640 283 720; x_wconf 75' lang='lat' dir='ltr'><strong>Quaerimus</strong></span> <span class='ocrx_word' id='word_1_23' title='bbox 307 651 403 723; x_wconf 89' lang='lat' dir='ltr'><strong>atque</strong></span> <span class='ocrx_word' id='word_1_24' title='bbox 426 639 523 701; x_wconf 89' lang='lat' dir='ltr'><strong>armis</strong></span> <span class='ocrx_word' id='word_1_25' title='bbox 548 641 702 715; x_wconf 76' lang='lat' dir='ltr'><strong>nectimus</strong></span> <span class='ocrx_word' id='word_1_26' title='bbox 726 662 813 704; x_wconf 89' lang='lat' dir='ltr'><strong>arma</strong></span> <span class='ocrx_word' id='word_1_27' title='bbox 834 663 933 706; x_wconf 87' lang='lat' dir='ltr'><strong>nora.</strong></span> 
     </span>
     <span class='ocr_line' id='line_1_5' title="bbox 30 740 921 821; baseline 0.003 -18"><span class='ocrx_word' id='word_1_28' title='bbox 30 743 125 804; x_wconf 90' lang='lat' dir='ltr'><strong>Haud</strong></span> <span class='ocrx_word' id='word_1_29' title='bbox 149 741 228 802; x_wconf 87' lang='lat' dir='ltr'><strong>ullas</strong></span> <span class='ocrx_word' id='word_1_30' title='bbox 250 740 398 821; x_wconf 77' lang='lat' dir='ltr'><strong>portabis</strong></span> <span class='ocrx_word' id='word_1_31' title='bbox 414 761 502 820; x_wconf 61' lang='lat' dir='ltr'><strong>,opes</strong></span> <span class='ocrx_word' id='word_1_32' title='bbox 521 741 719 807; x_wconf 74' lang='lat' dir='ltr'><strong>Acherontis</strong></span> <span class='ocrx_word' id='word_1_33' title='bbox 746 746 785 806; x_wconf 91' lang='lat' dir='ltr'><strong>ad</strong></span> <span class='ocrx_word' id='word_1_34' title='bbox 805 745 921 806; x_wconf 80' lang='lat' dir='ltr'><strong>undas:</strong></span> 
     </span>
     <span class='ocr_line' id='line_1_6' title="bbox 92 836 851 917; baseline 0.001 -12"><span class='ocrx_word' id='word_1_35' title='bbox 92 844 205 905; x_wconf 88' lang='lat' dir='ltr'><strong>Nudus</strong></span> <span class='ocrx_word' id='word_1_36' title='bbox 232 842 273 903; x_wconf 91' lang='lat' dir='ltr'><strong>ad</strong></span> <span class='ocrx_word' id='word_1_37' title='bbox 289 841 447 916; x_wconf 84' lang='lat' dir='ltr'><strong>infernas,</strong></span> <span class='ocrx_word' id='word_1_38' title='bbox 472 836 585 917; x_wconf 78' lang='lat' dir='ltr'><strong>stulte,</strong></span> <span class='ocrx_word' id='word_1_39' title='bbox 610 844 729 905; x_wconf 87' lang='lat' dir='ltr'><strong>vehere</strong></span> <span class='ocrx_word' id='word_1_40' title='bbox 752 855 851 907; x_wconf 88' lang='lat' dir='ltr'><strong>rates.</strong></span> 
     </span>
     <span class='ocr_line' id='line_1_7' title="bbox 30 941 864 1021; baseline 0 -15"><span class='ocrx_word' id='word_1_41' title='bbox 30 943 147 1006; x_wconf 83' lang='lat' dir='ltr'><strong>Victor</strong></span> <span class='ocrx_word' id='word_1_42' title='bbox 168 964 241 1004; x_wconf 94' lang='lat' dir='ltr'><strong>cum</strong></span> <span class='ocrx_word' id='word_1_43' title='bbox 260 942 352 1004; x_wconf 89' lang='lat' dir='ltr'><strong>victis</strong></span> <span class='ocrx_word' id='word_1_44' title='bbox 374 942 496 1021; x_wconf 90' lang='lat' dir='ltr'><strong>pariter</strong></span> <span class='ocrx_word' id='word_1_45' title='bbox 519 941 703 1005; x_wconf 87' lang='lat' dir='ltr'><strong>miscebitur</strong></span> <span class='ocrx_word' id='word_1_46' title='bbox 724 944 864 1019; x_wconf 87' lang='lat' dir='ltr'><strong>umbris;</strong></span> 
     </span>
     <span class='ocr_line' id='line_1_8' title="bbox 91 1041 928 1126; baseline 0 -18"><span class='ocrx_word' id='word_1_47' title='bbox 91 1044 234 1108; x_wconf 86' lang='lat' dir='ltr'><strong>Consule</strong></span> <span class='ocrx_word' id='word_1_48' title='bbox 256 1065 329 1104; x_wconf 90' lang='lat' dir='ltr'><strong>cum</strong></span> <span class='ocrx_word' id='word_1_49' title='bbox 349 1041 481 1118; x_wconf 88' lang='lat' dir='ltr'><strong>Mario,</strong></span> <span class='ocrx_word' id='word_1_50' title='bbox 507 1055 599 1122; x_wconf 85' lang='lat' dir='ltr'><strong>capte</strong></span> <span class='ocrx_word' id='word_1_51' title='bbox 621 1046 798 1126; x_wconf 85' lang='lat' dir='ltr'><strong>Iugurtha,</strong></span> <span class='ocrx_word' id='word_1_52' title='bbox 824 1048 928 1108; x_wconf 88' lang='lat' dir='ltr'><strong>sedes.</strong></span> 
     </span>
     <span class='ocr_line' id='line_1_9' title="bbox 30 1142 857 1223; baseline 0.001 -17"><span class='ocrx_word' id='word_1_53' title='bbox 30 1147 139 1223; x_wconf 86' lang='lat' dir='ltr'><strong>Lydus</strong></span> <span class='ocrx_word' id='word_1_54' title='bbox 161 1142 315 1207; x_wconf 89' lang='lat' dir='ltr'><strong>Dulichio</strong></span> <span class='ocrx_word' id='word_1_55' title='bbox 341 1164 406 1205; x_wconf 88' lang='lat' dir='ltr'><strong>non</strong></span> <span class='ocrx_word' id='word_1_56' title='bbox 428 1143 523 1206; x_wconf 89' lang='lat' dir='ltr'><strong>distat</strong></span> <span class='ocrx_word' id='word_1_57' title='bbox 552 1143 695 1207; x_wconf 84' lang='lat' dir='ltr'><strong>Croesus</strong></span> <span class='ocrx_word' id='word_1_58' title='bbox 718 1148 758 1206; x_wconf 92' lang='lat' dir='ltr'><strong>ab</strong></span> <span class='ocrx_word' id='word_1_59' title='bbox 786 1147 857 1209; x_wconf 90' lang='lat' dir='ltr'><strong>1ro.</strong></span> 
     </span>
     <span class='ocr_line' id='line_1_10' title="bbox 92 1243 900 1326; baseline -0.004 -16"><span class='ocrx_word' id='word_1_60' title='bbox 92 1245 223 1326; x_wconf 90' lang='lat' dir='ltr'><strong>Optima</strong></span> <span class='ocrx_word' id='word_1_61' title='bbox 244 1265 353 1319; x_wconf 89' lang='lat' dir='ltr'><strong>mors,</strong></span> <span class='ocrx_word' id='word_1_62' title='bbox 378 1245 500 1306; x_wconf 88' lang='lat' dir='ltr'><strong>Parcae</strong></span> <span class='ocrx_word' id='word_1_63' title='bbox 523 1243 716 1326; x_wconf 82' lang='lat' dir='ltr'><strong>quaerenit</strong></span> <span class='ocrx_word' id='word_1_64' title='bbox 738 1255 808 1306; x_wconf 87' lang='lat' dir='ltr'><strong>acta</strong></span> <span class='ocrx_word' id='word_1_65' title='bbox 838 1248 900 1309; x_wconf 91' lang='lat' dir='ltr'><strong>die.</strong></span> 
     </span>
     <span class='ocr_line' id='line_1_11' title="bbox 30 1344 865 1425; baseline -0.004 -15"><span class='ocrx_word' id='word_1_66' title='bbox 30 1349 86 1410; x_wconf 90' lang='lat' dir='ltr'><strong>Me</strong></span> <span class='ocrx_word' id='word_1_67' title='bbox 107 1346 196 1409; x_wconf 87' lang='lat' dir='ltr'><strong>iuvat</strong></span> <span class='ocrx_word' id='word_1_68' title='bbox 217 1346 246 1407; x_wconf 92' lang='lat' dir='ltr'><strong>in</strong></span> <span class='ocrx_word' id='word_1_69' title='bbox 268 1344 370 1425; x_wconf 89' lang='lat' dir='ltr'><strong>prima</strong></span> <span class='ocrx_word' id='word_1_70' title='bbox 393 1344 529 1408; x_wconf 90' lang='lat' dir='ltr'><strong>coluisse</strong></span> <span class='ocrx_word' id='word_1_71' title='bbox 549 1344 707 1408; x_wconf 89' lang='lat' dir='ltr'><strong>Helicona</strong></span> <span class='ocrx_word' id='word_1_72' title='bbox 733 1345 865 1409; x_wconf 89' lang='lat' dir='ltr'><strong>iuventa</strong></span> 
     </span>
     <span class='ocr_line' id='line_1_12' title="bbox 90 1428 810 1529; baseline -0.001 -20"><span class='ocrx_word' id='word_1_73' title='bbox 90 1448 325 1529; x_wconf 89' lang='lat' dir='ltr'><strong>Musarumque</strong></span> <span class='ocrx_word' id='word_1_74' title='bbox 346 1445 453 1508; x_wconf 87' lang='lat' dir='ltr'><strong>choris</strong></span> <span class='ocrx_word' id='word_1_75' title='bbox 475 1428 667 1525; x_wconf 86' lang='lat' dir='ltr'><strong>implicuisse</strong></span> <span class='ocrx_word' id='word_1_76' title='bbox 688 1466 810 1509; x_wconf 89' lang='lat' dir='ltr'><strong>manus.</strong></span> 
     </span>
     <span class='ocr_line' id='line_1_13' title="bbox 31 1534 820 1625; baseline 0.001 -17"><span class='ocrx_word' id='word_1_77' title='bbox 31 1548 86 1609; x_wconf 90' lang='lat' dir='ltr'><strong>Me</strong></span> <span class='ocrx_word' id='word_1_78' title='bbox 109 1547 200 1609; x_wconf 87' lang='lat' dir='ltr'><strong>iuvat</strong></span> <span class='ocrx_word' id='word_1_79' title='bbox 222 1558 254 1608; x_wconf 91' lang='lat' dir='ltr'><strong>et</strong></span> <span class='ocrx_word' id='word_1_80' title='bbox 275 1547 376 1608; x_wconf 91' lang='lat' dir='ltr'><strong>multo</strong></span> <span class='ocrx_word' id='word_1_81' title='bbox 398 1556 533 1607; x_wconf 85' lang='lat' dir='ltr'><strong>mentem</strong></span> <span class='ocrx_word' id='word_1_82' title='bbox 556 1534 692 1608; x_wconf 70' lang='lat' dir='ltr'><strong>vincire&#39;</strong></span> <span class='ocrx_word' id='word_1_83' title='bbox 705 1550 820 1625; x_wconf 87' lang='lat' dir='ltr'><strong>Lyaeo</strong></span> 
     </span>
     <span class='ocr_line' id='line_1_14' title="bbox 91 1648 835 1727; baseline 0 -17"><span class='ocrx_word' id='word_1_84' title='bbox 91 1650 135 1710; x_wconf 91' lang='lat' dir='ltr'><strong>Et</strong></span> <span class='ocrx_word' id='word_1_85' title='bbox 157 1657 255 1727; x_wconf 87' lang='lat' dir='ltr'><strong>caput</strong></span> <span class='ocrx_word' id='word_1_86' title='bbox 277 1648 308 1709; x_wconf 92' lang='lat' dir='ltr'><strong>in</strong></span> <span class='ocrx_word' id='word_1_87' title='bbox 332 1667 430 1708; x_wconf 89' lang='lat' dir='ltr'><strong>verna</strong></span> <span class='ocrx_word' id='word_1_88' title='bbox 451 1667 578 1727; x_wconf 88' lang='lat' dir='ltr'><strong>semper</strong></span> <span class='ocrx_word' id='word_1_89' title='bbox 603 1648 724 1709; x_wconf 90' lang='lat' dir='ltr'><strong>habere</strong></span> <span class='ocrx_word' id='word_1_90' title='bbox 747 1668 835 1711; x_wconf 89' lang='lat' dir='ltr'><strong>rosa.</strong></span> 
     </span>
     <span class='ocr_line' id='line_1_15' title="bbox 34 1747 1004 1830; baseline 0.002 -20"><span class='ocrx_word' id='word_1_91' title='bbox 34 1750 139 1830; x_wconf 87' lang='lat' dir='ltr'><strong>Atque</strong></span> <span class='ocrx_word' id='word_1_92' title='bbox 164 1747 220 1808; x_wconf 91' lang='lat' dir='ltr'><strong>ubi</strong></span> <span class='ocrx_word' id='word_1_93' title='bbox 245 1747 305 1808; x_wconf 91' lang='lat' dir='ltr'><strong>iam</strong></span> <span class='ocrx_word' id='word_1_94' title='bbox 329 1749 490 1809; x_wconf 88' lang='lat' dir='ltr'><strong>Venerem</strong></span> <span class='ocrx_word' id='word_1_95' title='bbox 519 1747 629 1828; x_wconf 82' lang='lat' dir='ltr'><strong>gravis</strong></span> <span class='ocrx_word' id='word_1_96' title='bbox 654 1747 861 1829; x_wconf 88' lang='lat' dir='ltr'><strong>interceperit</strong></span> <span class='ocrx_word' id='word_1_97' title='bbox 884 1749 1004 1825; x_wconf 74' lang='lat' dir='ltr'><strong>aetas,</strong></span> 
     </span>
     <span class='ocr_line' id='line_1_16' title="bbox 94 1847 847 1929; baseline 0 -19"><span class='ocrx_word' id='word_1_98' title='bbox 94 1847 259 1929; x_wconf 80' lang='lat' dir='ltr'><strong>sparserit</strong></span> <span class='ocrx_word' id='word_1_99' title='bbox 280 1858 313 1912; x_wconf 90' lang='lat' dir='ltr'><strong>et</strong></span> <span class='ocrx_word' id='word_1_100' title='bbox 336 1847 444 1929; x_wconf 83' lang='lat' dir='ltr'><strong>nigras</strong></span> <span class='ocrx_word' id='word_1_101' title='bbox 465 1848 539 1908; x_wconf 84' lang='lat' dir='ltr'><strong>alba</strong></span> <span class='ocrx_word' id='word_1_102' title='bbox 562 1860 691 1910; x_wconf 84' lang='lat' dir='ltr'><strong>senecta</strong></span> <span class='ocrx_word' id='word_1_103' title='bbox 719 1869 847 1911; x_wconf 88' lang='lat' dir='ltr'><strong>comas:</strong></span> 
     </span>
     <span class='ocr_line' id='line_1_17' title="bbox 35 1947 847 2028; baseline 0 -18"><span class='ocrx_word' id='word_1_104' title='bbox 35 1952 114 2010; x_wconf 78' lang='lat' dir='ltr'><strong>&#39;sum</strong></span> <span class='ocrx_word' id='word_1_105' title='bbox 138 1948 213 2009; x_wconf 88' lang='lat' dir='ltr'><strong>mibi</strong></span> <span class='ocrx_word' id='word_1_106' title='bbox 237 1959 366 2009; x_wconf 89' lang='lat' dir='ltr'><strong>naturae</strong></span> <span class='ocrx_word' id='word_1_107' title='bbox 389 1947 485 2010; x_wconf 89' lang='lat' dir='ltr'><strong>libeat</strong></span> <span class='ocrx_word' id='word_1_108' title='bbox 510 1947 694 2028; x_wconf 81' lang='lat' dir='ltr'><strong>perdiscere</strong></span> <span class='ocrx_word' id='word_1_109' title='bbox 721 1966 847 2023; x_wconf 91' lang='lat' dir='ltr'><strong>mores,</strong></span> 
     </span>
     <span class='ocr_line' id='line_1_18' title="bbox 93 2047 953 2130; baseline 0.003 -20"><span class='ocrx_word' id='word_1_110' title='bbox 93 2049 174 2128; x_wconf 87' lang='lat' dir='ltr'><strong>Quis</strong></span> <span class='ocrx_word' id='word_1_111' title='bbox 197 2052 275 2110; x_wconf 87' lang='lat' dir='ltr'><strong>deus</strong></span> <span class='ocrx_word' id='word_1_112' title='bbox 296 2050 378 2110; x_wconf 88' lang='lat' dir='ltr'><strong>hauc</strong></span> <span class='ocrx_word' id='word_1_113' title='bbox 401 2047 507 2109; x_wconf 89' lang='lat' dir='ltr'><strong>mundi</strong></span> <span class='ocrx_word' id='word_1_114' title='bbox 529 2058 685 2130; x_wconf 86' lang='lat' dir='ltr'><strong>temperet</strong></span> <span class='ocrx_word' id='word_1_115' title='bbox 708 2060 776 2111; x_wconf 88' lang='lat' dir='ltr'><strong>arte</strong></span> <span class='ocrx_word' id='word_1_116' title='bbox 801 2050 953 2113; x_wconf 71' lang='lat' dir='ltr'><strong>donnum:</strong></span> 
     </span>
     <span class='ocr_line' id='line_1_19' title="bbox 34 2147 933 2231; baseline -0.001 -19"><span class='ocrx_word' id='word_1_117' title='bbox 34 2151 102 2229; x_wconf 83' lang='lat' dir='ltr'><strong>Qua</strong></span> <span class='ocrx_word' id='word_1_118' title='bbox 125 2149 213 2213; x_wconf 88' lang='lat' dir='ltr'><strong>venit</strong></span> <span class='ocrx_word' id='word_1_119' title='bbox 234 2149 401 2224; x_wconf 80' lang='lat' dir='ltr'><strong>exoriens,</strong></span> <span class='ocrx_word' id='word_1_120' title='bbox 426 2170 488 2231; x_wconf 88' lang='lat' dir='ltr'><strong>qua</strong></span> <span class='ocrx_word' id='word_1_121' title='bbox 509 2147 631 2226; x_wconf 88' lang='lat' dir='ltr'><strong>deficit,</strong></span> <span class='ocrx_word' id='word_1_122' title='bbox 657 2152 741 2212; x_wconf 89' lang='lat' dir='ltr'><strong>unde</strong></span> <span class='ocrx_word' id='word_1_123' title='bbox 764 2150 884 2212; x_wconf 87' lang='lat' dir='ltr'><strong>coactis</strong></span> <span class='ocrx_word' id='word_1_124' title='bbox 931 2192 933 2197; x_wconf 91' lang='lat'>-</span> 
     </span>
     <span class='ocr_line' id='line_1_20' title="bbox 94 2249 894 2333; baseline -0.004 -17"><span class='ocrx_word' id='word_1_125' title='bbox 94 2251 257 2316; x_wconf 89' lang='lat' dir='ltr'><strong>Cornibus</strong></span> <span class='ocrx_word' id='word_1_126' title='bbox 280 2249 309 2313; x_wconf 94' lang='lat' dir='ltr'><strong>in</strong></span> <span class='ocrx_word' id='word_1_127' title='bbox 330 2251 461 2333; x_wconf 89' lang='lat' dir='ltr'><strong>plenum</strong></span> <span class='ocrx_word' id='word_1_128' title='bbox 485 2262 646 2312; x_wconf 85' lang='lat' dir='ltr'><strong>menstrua</strong></span> <span class='ocrx_word' id='word_1_129' title='bbox 675 2253 769 2312; x_wconf 88' lang='lat' dir='ltr'><strong>Luna</strong></span> <span class='ocrx_word' id='word_1_130' title='bbox 791 2251 894 2313; x_wconf 86' lang='lat' dir='ltr'><strong>redit:</strong></span> 
     </span>
     <span class='ocr_line' id='line_1_21' title="bbox 34 2350 890 2434; baseline -0.005 -17"><span class='ocrx_word' id='word_1_131' title='bbox 34 2356 122 2417; x_wconf 89' lang='lat' dir='ltr'><strong>Unde</strong></span> <span class='ocrx_word' id='word_1_132' title='bbox 144 2353 215 2434; x_wconf 79' lang='lat' dir='ltr'><strong>salo</strong></span> <span class='ocrx_word' id='word_1_133' title='bbox 238 2361 389 2432; x_wconf 88' lang='lat' dir='ltr'><strong>superant</strong></span> <span class='ocrx_word' id='word_1_134' title='bbox 409 2351 517 2424; x_wconf 85' lang='lat' dir='ltr'><strong>venti3</strong></span> <span class='ocrx_word' id='word_1_135' title='bbox 542 2350 617 2433; x_wconf 88' lang='lat' dir='ltr'><strong>quid</strong></span> <span class='ocrx_word' id='word_1_136' title='bbox 637 2351 762 2413; x_wconf 88' lang='lat' dir='ltr'><strong>flamine</strong></span> <span class='ocrx_word' id='word_1_137' title='bbox 782 2362 890 2432; x_wconf 83' lang='lat' dir='ltr'><strong>captet</strong></span> 
     </span>
     <span class='ocr_line' id='line_1_22' title="bbox 94 2452 873 2537; baseline -0.003 -19"><span class='ocrx_word' id='word_1_138' title='bbox 94 2457 222 2527; x_wconf 88' lang='lat' dir='ltr'><strong>Eurus,</strong></span> <span class='ocrx_word' id='word_1_139' title='bbox 246 2464 277 2514; x_wconf 90' lang='lat' dir='ltr'><strong>et</strong></span> <span class='ocrx_word' id='word_1_140' title='bbox 304 2452 336 2514; x_wconf 92' lang='lat' dir='ltr'><strong>in</strong></span> <span class='ocrx_word' id='word_1_141' title='bbox 357 2455 457 2514; x_wconf 90' lang='lat' dir='ltr'><strong>nubes</strong></span> <span class='ocrx_word' id='word_1_142' title='bbox 484 2455 566 2514; x_wconf 90' lang='lat' dir='ltr'><strong>unde</strong></span> <span class='ocrx_word' id='word_1_143' title='bbox 587 2453 736 2534; x_wconf 89' lang='lat' dir='ltr'><strong>perennis</strong></span> <span class='ocrx_word' id='word_1_144' title='bbox 755 2469 873 2537; x_wconf 69' lang='lat' dir='ltr'><strong>aquaz&#39;</strong></span> 
     </span>
     <span class='ocr_line' id='line_1_23' title="bbox 36 2553 863 2636; baseline -0.001 -18"><span class='ocrx_word' id='word_1_145' title='bbox 36 2558 79 2619; x_wconf 90' lang='lat' dir='ltr'><strong>Sit</strong></span> <span class='ocrx_word' id='word_1_146' title='bbox 101 2568 236 2620; x_wconf 88' lang='lat' dir='ltr'><strong>ventura</strong></span> <span class='ocrx_word' id='word_1_147' title='bbox 258 2555 341 2630; x_wconf 90' lang='lat' dir='ltr'><strong>dies,</strong></span> <span class='ocrx_word' id='word_1_148' title='bbox 367 2553 472 2616; x_wconf 88' lang='lat' dir='ltr'><strong>mundi</strong></span> <span class='ocrx_word' id='word_1_149' title='bbox 494 2573 575 2636; x_wconf 88' lang='lat' dir='ltr'><strong>quae</strong></span> <span class='ocrx_word' id='word_1_150' title='bbox 597 2556 730 2617; x_wconf 89' lang='lat' dir='ltr'><strong>subruat</strong></span> <span class='ocrx_word' id='word_1_151' title='bbox 754 2576 863 2617; x_wconf 85' lang='lat' dir='ltr'><strong>arces:</strong></span> 
     </span>
     <span class='ocr_line' id='line_1_24' title="bbox 94 2655 865 2737; baseline -0.004 -16"><span class='ocrx_word' id='word_1_152' title='bbox 94 2660 282 2737; x_wconf 87' lang='lat' dir='ltr'><strong>Purpureus</strong></span> <span class='ocrx_word' id='word_1_153' title='bbox 303 2655 428 2736; x_wconf 86' lang='lat' dir='ltr'><strong>pluvias</strong></span> <span class='ocrx_word' id='word_1_154' title='bbox 453 2674 510 2716; x_wconf 90' lang='lat' dir='ltr'><strong>cnr</strong></span> <span class='ocrx_word' id='word_1_155' title='bbox 532 2655 611 2717; x_wconf 89' lang='lat' dir='ltr'><strong>bibit</strong></span> <span class='ocrx_word' id='word_1_156' title='bbox 638 2675 729 2717; x_wconf 89' lang='lat' dir='ltr'><strong>arcus</strong></span> <span class='ocrx_word' id='word_1_157' title='bbox 745 2676 865 2737; x_wconf 86' lang='lat' dir='ltr'><strong>aquas:</strong></span> 
     </span>
     <span class='ocr_line' id='line_1_25' title="bbox 34 2755 881 2833; baseline -0.002 -13"><span class='ocrx_word' id='word_1_158' title='bbox 34 2759 100 2821; x_wconf 84' lang='lat' dir='ltr'><strong>Aut</strong></span> <span class='ocrx_word' id='word_1_159' title='bbox 121 2779 179 2821; x_wconf 89' lang='lat' dir='ltr'><strong>cur</strong></span> <span class='ocrx_word' id='word_1_160' title='bbox 199 2756 378 2820; x_wconf 88' lang='lat' dir='ltr'><strong>Perrhaebi</strong></span> <span class='ocrx_word' id='word_1_161' title='bbox 400 2767 557 2818; x_wconf 88' lang='lat' dir='ltr'><strong>tremuere</strong></span> <span class='ocrx_word' id='word_1_162' title='bbox 581 2755 742 2821; x_wconf 83' lang='lat' dir='ltr'><strong>cacumina</strong></span> <span class='ocrx_word' id='word_1_163' title='bbox 769 2757 881 2833; x_wconf 86' lang='lat' dir='ltr'><strong>Pindi,</strong></span> 
     </span>
    </p>
   </div>
   <div class='ocr_carea' id='block_1_2' title="bbox 32 2973 1154 4266">
    <p class='ocr_par' dir='ltr' id='par_1_2' title="bbox 32 2973 1154 4266">
     <span class='ocr_line' id='line_1_26' title="bbox 35 2973 1146 3035; baseline 0 -15"><span class='ocrx_word' id='word_1_164' title='bbox 35 2975 139 3029; x_wconf 80' lang='lat' dir='ltr'><strong>„Pacem</strong></span> <span class='ocrx_word' id='word_1_165' title='bbox 159 2990 217 3020; x_wconf 80' lang='lat' dir='ltr'><strong>orno</strong></span> <span class='ocrx_word' id='word_1_166' title='bbox 235 2975 291 3032; x_wconf 81' lang='lat' dir='ltr'><strong>(nec</strong></span> <span class='ocrx_word' id='word_1_167' title='bbox 310 2978 371 3029; x_wconf 81' lang='lat' dir='ltr'><strong>nlla,</strong></span> <span class='ocrx_word' id='word_1_168' title='bbox 391 2991 465 3035; x_wconf 83' lang='lat' dir='ltr'><strong>qaum</strong></span> <span class='ocrx_word' id='word_1_169' title='bbox 482 2990 538 3020; x_wconf 85' lang='lat' dir='ltr'><strong>cum</strong></span> <span class='ocrx_word' id='word_1_170' title='bbox 558 2977 659 3023; x_wconf 83' lang='lat' dir='ltr'><strong>domino</strong></span> <span class='ocrx_word' id='word_1_171' title='bbox 674 2978 773 3034; x_wconf 76' lang='lat' dir='ltr'><strong>proelia</strong></span> <span class='ocrx_word' id='word_1_172' title='bbox 791 2977 874 3033; x_wconf 54' lang='grc' dir='ltr'>ποθὴ)</span> <span class='ocrx_word' id='word_1_173' title='bbox 892 2978 938 3021; x_wconf 73' lang='lat' dir='ltr'><strong>itta</strong></span> <span class='ocrx_word' id='word_1_174' title='bbox 947 2973 1070 3035; x_wconf 83' lang='lat' dir='ltr'><strong>profecto,</strong></span> <span class='ocrx_word' id='word_1_175' title='bbox 1086 2991 1146 3033; x_wconf 83' lang='lat' dir='ltr'><strong>pro-</strong></span> 
     </span>
     <span class='ocr_line' id='line_1_27' title="bbox 32 3042 1150 3104; baseline -0.001 -17"><span class='ocrx_word' id='word_1_176' title='bbox 32 3050 86 3100; x_wconf 83' lang='lat' dir='ltr'><strong>pter</strong></span> <span class='ocrx_word' id='word_1_177' title='bbox 105 3060 167 3103; x_wconf 78' lang='lat' dir='ltr'><strong>quae</strong></span> <span class='ocrx_word' id='word_1_178' title='bbox 183 3045 290 3089; x_wconf 79' lang='lat' dir='ltr'><strong>militiae</strong></span> <span class='ocrx_word' id='word_1_179' title='bbox 307 3059 335 3090; x_wconf 81' lang='lat' dir='ltr'><strong>ae</strong></span> <span class='ocrx_word' id='word_1_180' title='bbox 356 3045 418 3089; x_wconf 82' lang='lat' dir='ltr'><strong>dure</strong></span> <span class='ocrx_word' id='word_1_181' title='bbox 436 3047 518 3090; x_wconf 74' lang='lat' dir='ltr'><strong>solent</strong></span> <span class='ocrx_word' id='word_1_182' title='bbox 534 3047 596 3099; x_wconf 80' lang='lat' dir='ltr'><strong>ulii,</strong></span> <span class='ocrx_word' id='word_1_183' title='bbox 616 3060 725 3099; x_wconf 66' lang='lat' dir='ltr'><strong>aarum,</strong></span> <span class='ocrx_word' id='word_1_184' title='bbox 750 3060 883 3104; x_wconf 74' lang='lat' dir='ltr'><strong>gemmus,</strong></span> <span class='ocrx_word' id='word_1_185' title='bbox 909 3042 1061 3102; x_wconf 69' lang='lat' dir='ltr'><strong>latifundia,</strong></span> <span class='ocrx_word' id='word_1_186' title='bbox 1088 3058 1150 3086; x_wconf 78' lang='lat' dir='ltr'><strong>uera</strong></span> 
     </span>
     <span class='ocr_line' id='line_1_28' title="bbox 35 3113 1149 3172; baseline -0.002 -17"><span class='ocrx_word' id='word_1_187' title='bbox 35 3127 109 3171; x_wconf 76' lang='lat' dir='ltr'><strong>nepus</strong></span> <span class='ocrx_word' id='word_1_188' title='bbox 126 3115 202 3169; x_wconf 85' lang='lat' dir='ltr'><strong>cupio</strong></span> <span class='ocrx_word' id='word_1_189' title='bbox 230 3127 307 3172; x_wconf 83' lang='lat' dir='ltr'><strong>neque</strong></span> <span class='ocrx_word' id='word_1_190' title='bbox 319 3113 459 3172; x_wconf 67' lang='lat' dir='ltr'><strong>pontideo,</strong></span> <span class='ocrx_word' id='word_1_191' title='bbox 491 3120 620 3158; x_wconf 81' lang='lat' dir='ltr'><strong>contentus</strong></span> <span class='ocrx_word' id='word_1_192' title='bbox 639 3114 810 3158; x_wconf 70' lang='lat' dir='ltr'><strong>mediocritate</strong></span> <span class='ocrx_word' id='word_1_193' title='bbox 832 3114 915 3157; x_wconf 81' lang='lat' dir='ltr'><strong>meu.&#39;&#39;</strong></span> <span class='ocrx_word' id='word_1_194' title='bbox 950 3113 1049 3155; x_wconf 85' lang='lat' dir='ltr'><strong>Lachm.</strong></span> <span class='ocrx_word' id='word_1_195' title='bbox 1070 3116 1149 3155; x_wconf 84' lang='lat' dir='ltr'><strong>autem</strong></span> 
     </span>
     <span class='ocr_line' id='line_1_29' title="bbox 35 3178 1148 3240; baseline -0.001 -17"><span class='ocrx_word' id='word_1_196' title='bbox 35 3196 56 3223; x_wconf 83' lang='lat' dir='ltr'><strong>v.</strong></span> <span class='ocrx_word' id='word_1_197' title='bbox 79 3178 103 3224; x_wconf 83' lang='lat'><strong>3.</strong></span> <span class='ocrx_word' id='word_1_198' title='bbox 139 3181 193 3226; x_wconf 83' lang='lat' dir='ltr'><strong>Nec</strong></span> <span class='ocrx_word' id='word_1_199' title='bbox 217 3186 315 3235; x_wconf 72' lang='lat' dir='ltr'><strong>rantum</strong></span> <span class='ocrx_word' id='word_1_200' title='bbox 332 3210 340 3218; x_wconf 91' lang='lat'>·</span> <span class='ocrx_word' id='word_1_201' title='bbox 359 3187 437 3236; x_wconf 85' lang='lat' dir='ltr'><strong>(nec,</strong></span> <span class='ocrx_word' id='word_1_202' title='bbox 467 3186 529 3240; x_wconf 87' lang='lat' dir='ltr'><strong>qaod</strong></span> <span class='ocrx_word' id='word_1_203' title='bbox 557 3184 636 3239; x_wconf 85' lang='lat' dir='ltr'><strong>ulique</strong></span> <span class='ocrx_word' id='word_1_204' title='bbox 660 3184 721 3227; x_wconf 81' lang='lat' dir='ltr'><strong>ferri</strong></span> <span class='ocrx_word' id='word_1_205' title='bbox 740 3187 833 3236; x_wconf 90' lang='lat' dir='ltr'><strong>potest,</strong></span> <span class='ocrx_word' id='word_1_206' title='bbox 863 3181 1043 3225; x_wconf 82' lang='lat' dir='ltr'><strong>babentGodd.</strong></span> <span class='ocrx_word' id='word_1_207' title='bbox 1065 3193 1148 3222; x_wconf 85' lang='lat' dir='ltr'><strong>ornnes</strong></span> 
     </span>
     <span class='ocr_line' id='line_1_30' title="bbox 36 3248 1154 3313; baseline -0.001 -23"><span class='ocrx_word' id='word_1_208' title='bbox 36 3257 128 3302; x_wconf 84' lang='lat' dir='ltr'><strong>praeter</strong></span> <span class='ocrx_word' id='word_1_209' title='bbox 142 3251 274 3309; x_wconf 73' lang='lat' dir='ltr'><strong>Grouiag.)</strong></span> <span class='ocrx_word' id='word_1_210' title='bbox 297 3266 320 3295; x_wconf 83' lang='lat' dir='ltr'><strong>r.</strong></span> <span class='ocrx_word' id='word_1_211' title='bbox 342 3249 366 3295; x_wconf 78' lang='lat' dir='ltr'><strong>l.</strong></span> <span class='ocrx_word' id='word_1_212' title='bbox 386 3251 453 3294; x_wconf 80' lang='lat' dir='ltr'><strong>bibat</strong></span> <span class='ocrx_word' id='word_1_213' title='bbox 477 3253 503 3296; x_wconf 82' lang='lat'><strong>5.</strong></span> <span class='ocrx_word' id='word_1_214' title='bbox 520 3257 620 3294; x_wconf 74' lang='lat' dir='ltr'><strong>uretur:</strong></span> <span class='ocrx_word' id='word_1_215' title='bbox 646 3290 653 3299; x_wconf 55' lang='lat'><strong>.</strong></span> <span class='ocrx_word' id='word_1_216' title='bbox 672 3249 713 3295; x_wconf 79' lang='lat'><strong>11.</strong></span> <span class='ocrx_word' id='word_1_217' title='bbox 734 3252 769 3293; x_wconf 89' lang='lat' dir='ltr'><strong>lla</strong></span> <span class='ocrx_word' id='word_1_218' title='bbox 782 3252 836 3293; x_wconf 90' lang='lat' dir='ltr'><strong>libri</strong></span> <span class='ocrx_word' id='word_1_219' title='bbox 856 3248 945 3293; x_wconf 81' lang='lat' dir='ltr'><strong>sinceri</strong></span> <span class='ocrx_word' id='word_1_220' title='bbox 958 3253 982 3292; x_wconf 88' lang='lat' dir='ltr'><strong>et</strong></span> <span class='ocrx_word' id='word_1_221' title='bbox 1003 3248 1102 3292; x_wconf 85' lang='lat' dir='ltr'><strong>Lacbm.</strong></span> <span class='ocrx_word' id='word_1_222' title='bbox 1116 3271 1154 3313; x_wconf 89' lang='grc' dir='ltr'><strong>--Ι</strong></span> 
     </span>
     <span class='ocr_line' id='line_1_31' title="bbox 35 3311 1147 3378; baseline 0 -18"><span class='ocrx_word' id='word_1_223' title='bbox 35 3316 86 3361; x_wconf 85' lang='lat' dir='ltr'><strong>ltali</strong></span> <span class='ocrx_word' id='word_1_224' title='bbox 106 3317 213 3377; x_wconf 73' lang='lat' dir='ltr'><strong>(vulgo):</strong></span> <span class='ocrx_word' id='word_1_225' title='bbox 234 3320 264 3361; x_wconf 80' lang='lat' dir='ltr'><strong>ab</strong></span> <span class='ocrx_word' id='word_1_226' title='bbox 277 3315 464 3377; x_wconf 80' lang='lat' dir='ltr'><strong>infernaruts;</strong></span> <span class='ocrx_word' id='word_1_227' title='bbox 478 3344 510 3355; x_wconf 95' lang='lat'>-</span> <span class='ocrx_word' id='word_1_228' title='bbox 529 3325 556 3363; x_wconf 82' lang='lat' dir='ltr'><strong>at</strong></span> <span class='ocrx_word' id='word_1_229' title='bbox 576 3311 706 3378; x_wconf 67' lang='lat' dir='ltr'><strong>inserpa-</strong></span> <span class='ocrx_word' id='word_1_230' title='bbox 725 3326 780 3362; x_wconf 82' lang='lat' dir='ltr'><strong>rote</strong></span> <span class='ocrx_word' id='word_1_231' title='bbox 799 3319 925 3362; x_wconf 84' lang='lat' dir='ltr'><strong>Schrader.</strong></span> <span class='ocrx_word' id='word_1_232' title='bbox 947 3314 996 3360; x_wconf 77' lang='lat' dir='ltr'><strong>Sed</strong></span> <span class='ocrx_word' id='word_1_233' title='bbox 1014 3314 1037 3369; x_wconf 79' lang='lat' dir='ltr'><strong>l,</strong></span> <span class='ocrx_word' id='word_1_234' title='bbox 1061 3313 1084 3369; x_wconf 84' lang='grc'><strong>7,</strong></span> <span class='ocrx_word' id='word_1_235' title='bbox 1106 3313 1147 3360; x_wconf 83' lang='grc'><strong>56.</strong></span> 
     </span>
     <span class='ocr_line' id='line_1_32' title="bbox 35 3381 1150 3441; baseline -0.003 -12"><span class='ocrx_word' id='word_1_236' title='bbox 35 3388 91 3429; x_wconf 81' lang='lat' dir='ltr'><strong>duas</strong></span> <span class='ocrx_word' id='word_1_237' title='bbox 101 3393 166 3431; x_wconf 82' lang='lat' dir='ltr'><strong>rates</strong></span> <span class='ocrx_word' id='word_1_238' title='bbox 179 3387 286 3430; x_wconf 83' lang='lat' dir='ltr'><strong>internas</strong></span> <span class='ocrx_word' id='word_1_239' title='bbox 298 3394 430 3441; x_wconf 86' lang='lat' dir='ltr'><strong>memorat,</strong></span> <span class='ocrx_word' id='word_1_240' title='bbox 450 3392 624 3434; x_wconf 84' lang='lat' dir='ltr'><strong>sceleratorum</strong></span> <span class='ocrx_word' id='word_1_241' title='bbox 637 3392 755 3440; x_wconf 86' lang='lat' dir='ltr'><strong>alteram,</strong></span> <span class='ocrx_word' id='word_1_242' title='bbox 775 3388 876 3430; x_wconf 85' lang='lat' dir='ltr'><strong>alteram</strong></span> <span class='ocrx_word' id='word_1_243' title='bbox 894 3388 997 3440; x_wconf 90' lang='lat' dir='ltr'><strong>piorum.</strong></span> <span class='ocrx_word' id='word_1_244' title='bbox 1027 3381 1069 3428; x_wconf 81' lang='lat'><strong>15.</strong></span> <span class='ocrx_word' id='word_1_245' title='bbox 1090 3385 1150 3427; x_wconf 68' lang='lat' dir='ltr'><strong>inia-</strong></span> 
     </span>
     <span class='ocr_line' id='line_1_33' title="bbox 35 3450 1149 3508; baseline -0.001 -13"><span class='ocrx_word' id='word_1_246' title='bbox 35 3454 128 3498; x_wconf 80' lang='lat' dir='ltr'><strong>eeln&#39;tur</strong></span> <span class='ocrx_word' id='word_1_247' title='bbox 147 3454 243 3498; x_wconf 77' lang='lat' dir='ltr'><strong>umbrie</strong></span> <span class='ocrx_word' id='word_1_248' title='bbox 256 3469 309 3499; x_wconf 90' lang='lat' dir='ltr'><strong>cam</strong></span> <span class='ocrx_word' id='word_1_249' title='bbox 328 3457 387 3500; x_wconf 80' lang='lat' dir='ltr'><strong>cao.</strong></span> <span class='ocrx_word' id='word_1_250' title='bbox 405 3458 469 3501; x_wconf 85' lang='lat' dir='ltr'><strong>Scal.</strong></span> <span class='ocrx_word' id='word_1_251' title='bbox 488 3459 537 3500; x_wconf 84' lang='lat' dir='ltr'><strong>lae.</strong></span> <span class='ocrx_word' id='word_1_252' title='bbox 557 3458 604 3502; x_wconf 80' lang='lat' dir='ltr'><strong>L2.</strong></span> <span class='ocrx_word' id='word_1_253' title='bbox 625 3481 658 3492; x_wconf 88' lang='lat'>-</span> <span class='ocrx_word' id='word_1_254' title='bbox 675 3455 839 3500; x_wconf 71' lang='lat' dir='ltr'><strong>antecedimur</strong></span> <span class='ocrx_word' id='word_1_255' title='bbox 857 3454 932 3498; x_wconf 73' lang='lat' dir='ltr'><strong>uadis</strong></span> <span class='ocrx_word' id='word_1_256' title='bbox 951 3455 995 3497; x_wconf 85' lang='lat' dir='ltr'><strong>Cd.</strong></span> <span class='ocrx_word' id='word_1_257' title='bbox 1019 3450 1149 3508; x_wconf 64' lang='lat' dir='ltr'><strong>Grouing„</strong></span> 
     </span>
     <span class='ocr_line' id='line_1_34' title="bbox 36 3518 1148 3577; baseline -0.004 -13"><span class='ocrx_word' id='word_1_258' title='bbox 36 3524 95 3565; x_wconf 86' lang='lat' dir='ltr'><strong>uude</strong></span> <span class='ocrx_word' id='word_1_259' title='bbox 113 3524 142 3566; x_wconf 84' lang='lat' dir='ltr'><strong>de</strong></span> <span class='ocrx_word' id='word_1_260' title='bbox 167 3523 290 3566; x_wconf 84' lang='lat' dir='ltr'><strong>Gulielmii</strong></span> <span class='ocrx_word' id='word_1_261' title='bbox 310 3527 373 3568; x_wconf 88' lang='lat' dir='ltr'><strong>conl.</strong></span> <span class='ocrx_word' id='word_1_262' title='bbox 399 3525 514 3569; x_wconf 81' lang='lat' dir='ltr'><strong>invaluit:</strong></span> <span class='ocrx_word' id='word_1_263' title='bbox 543 3527 707 3571; x_wconf 63' lang='lat' dir='ltr'><strong>miscebantur</strong></span> <span class='ocrx_word' id='word_1_264' title='bbox 726 3523 806 3571; x_wconf 77' lang='lat' dir='ltr'><strong>India.</strong></span> <span class='ocrx_word' id='word_1_265' title='bbox 863 3521 904 3565; x_wconf 86' lang='lat'><strong>18.</strong></span> <span class='ocrx_word' id='word_1_266' title='bbox 923 3518 1031 3577; x_wconf 75' lang='lat' dir='ltr'><strong>Parcae]</strong></span> <span class='ocrx_word' id='word_1_267' title='bbox 1050 3519 1148 3562; x_wconf 86' lang='lat' dir='ltr'><strong>Lacbm.</strong></span> 
     </span>
     <span class='ocr_line' id='line_1_35' title="bbox 35 3589 1153 3648; baseline -0.002 -15"><span class='ocrx_word' id='word_1_268' title='bbox 35 3591 144 3637; x_wconf 74' lang='lat' dir='ltr'><strong>conh-</strong></span> <span class='ocrx_word' id='word_1_269' title='bbox 161 3591 238 3634; x_wconf 80' lang='lat' dir='ltr'><strong>Codd.</strong></span> <span class='ocrx_word' id='word_1_270' title='bbox 250 3604 341 3647; x_wconf 81' lang='lat' dir='ltr'><strong>parca,</strong></span> <span class='ocrx_word' id='word_1_271' title='bbox 362 3595 424 3648; x_wconf 79' lang='lat' dir='ltr'><strong>qnod</strong></span> <span class='ocrx_word' id='word_1_272' title='bbox 438 3595 531 3638; x_wconf 83' lang='lat' dir='ltr'><strong>librarii</strong></span> <span class='ocrx_word' id='word_1_273' title='bbox 544 3596 653 3640; x_wconf 84' lang='lat' dir='ltr'><strong>videntur</strong></span> <span class='ocrx_word' id='word_1_274' title='bbox 668 3595 808 3648; x_wconf 85' lang='lat' dir='ltr'><strong>opposuisse</strong></span> <span class='ocrx_word' id='word_1_275' title='bbox 822 3592 907 3637; x_wconf 86' lang='lat' dir='ltr'><strong>Croesi</strong></span> <span class='ocrx_word' id='word_1_276' title='bbox 921 3589 1019 3635; x_wconf 80' lang='lat' dir='ltr'><strong>divitiis.</strong></span> <span class='ocrx_word' id='word_1_277' title='bbox 1044 3608 1072 3618; x_wconf 93' lang='lat'>-</span> <span class='ocrx_word' id='word_1_278' title='bbox 1093 3593 1153 3631; x_wconf 79' lang='lat' dir='ltr'><strong>acte</strong></span> 
     </span>
     <span class='ocr_line' id='line_1_36' title="bbox 36 3652 1150 3726; baseline 0.004 -25"><span class='ocrx_word' id='word_1_279' title='bbox 36 3659 110 3701; x_wconf 89' lang='lat' dir='ltr'><strong>Codd.</strong></span> <span class='ocrx_word' id='word_1_280' title='bbox 136 3661 194 3716; x_wconf 86' lang='lat' dir='ltr'><strong>aliq.</strong></span> <span class='ocrx_word' id='word_1_281' title='bbox 222 3660 288 3712; x_wconf 77' lang='lat' dir='ltr'><strong>alu,</strong></span> <span class='ocrx_word' id='word_1_282' title='bbox 319 3659 413 3718; x_wconf 74' lang='lat' dir='ltr'><strong>(vulgo)</strong></span> <span class='ocrx_word' id='word_1_283' title='bbox 437 3668 505 3719; x_wconf 81' lang='lat' dir='ltr'><strong>apto.</strong></span> <span class='ocrx_word' id='word_1_284' title='bbox 534 3666 624 3721; x_wconf 81' lang='lat' dir='ltr'><strong>(parca</strong></span> <span class='ocrx_word' id='word_1_285' title='bbox 648 3662 721 3715; x_wconf 78' lang='lat' dir='ltr'><strong>dies,</strong></span> <span class='ocrx_word' id='word_1_286' title='bbox 753 3662 820 3717; x_wconf 85' lang='lat' dir='ltr'><strong>qnasi</strong></span> <span class='ocrx_word' id='word_1_287' title='bbox 839 3661 904 3704; x_wconf 83' lang='lat' dir='ltr'><strong>dicas</strong></span> <span class='ocrx_word' id='word_1_288' title='bbox 925 3653 1004 3726; x_wconf 80' lang='grc' dir='ltr'><strong><em>κῆρα</em></strong></span> <span class='ocrx_word' id='word_1_289' title='bbox 1021 3652 1150 3725; x_wconf 78' lang='grc' dir='ltr'><em>ἡμέραν,</em></span> 
     </span>
     <span class='ocr_line' id='line_1_37' title="bbox 36 3722 1150 3797; baseline -0.002 -27"><span class='ocrx_word' id='word_1_290' title='bbox 36 3728 56 3770; x_wconf 87' lang='lat' dir='ltr'><strong>si</strong></span> <span class='ocrx_word' id='word_1_291' title='bbox 77 3727 200 3784; x_wconf 77' lang='lat' dir='ltr'><strong>scaligero</strong></span> <span class='ocrx_word' id='word_1_292' title='bbox 216 3725 275 3772; x_wconf 87' lang='lat' dir='ltr'><strong>fides</strong></span> <span class='ocrx_word' id='word_1_293' title='bbox 293 3734 347 3781; x_wconf 87' lang='lat' dir='ltr'><strong>est,</strong></span> <span class='ocrx_word' id='word_1_294' title='bbox 367 3722 387 3791; x_wconf 80' lang='grc' dir='ltr'><em>ἡ</em></span> <span class='ocrx_word' id='word_1_295' title='bbox 407 3731 581 3797; x_wconf 78' lang='grc' dir='ltr'><em>πεπρωμένη</em></span> <span class='ocrx_word' id='word_1_296' title='bbox 599 3725 724 3797; x_wconf 63' lang='grc' dir='ltr'>ἡμέρα.)</span> <span class='ocrx_word' id='word_1_297' title='bbox 769 3728 810 3775; x_wconf 78' lang='grc'><strong>19.</strong></span> <span class='ocrx_word' id='word_1_298' title='bbox 831 3727 873 3772; x_wconf 82' lang='grc'><strong>21.</strong></span> <span class='ocrx_word' id='word_1_299' title='bbox 893 3729 958 3771; x_wconf 82' lang='lat' dir='ltr'><strong>iuret</strong></span> <span class='ocrx_word' id='word_1_300' title='bbox 975 3726 1051 3769; x_wconf 89' lang='lat' dir='ltr'><strong>Codd.</strong></span> <span class='ocrx_word' id='word_1_301' title='bbox 1072 3728 1150 3781; x_wconf 85' lang='lat' dir='ltr'><strong>pauci.</strong></span> 
     </span>
     <span class='ocr_line' id='line_1_38' title="bbox 36 3789 1153 3852; baseline -0.003 -14"><span class='ocrx_word' id='word_1_302' title='bbox 36 3795 121 3845; x_wconf 76' lang='lat' dir='ltr'><strong>Caret.</strong></span> <span class='ocrx_word' id='word_1_303' title='bbox 142 3796 171 3839; x_wconf 90' lang='lat' dir='ltr'><strong>L.</strong></span> <span class='ocrx_word' id='word_1_304' title='bbox 227 3794 269 3840; x_wconf 78' lang='lat'><strong>27.</strong></span> <span class='ocrx_word' id='word_1_305' title='bbox 298 3794 428 3840; x_wconf 68' lang='lat' dir='ltr'><strong>exortem</strong></span> <span class='ocrx_word' id='word_1_306' title='bbox 453 3801 481 3842; x_wconf 83' lang='lat' dir='ltr'><strong>tls</strong></span> <span class='ocrx_word' id='word_1_307' title='bbox 509 3789 559 3843; x_wconf 78' lang='lat' dir='ltr'><strong>sols</strong></span> <span class='ocrx_word' id='word_1_308' title='bbox 586 3800 694 3843; x_wconf 85' lang='lat' dir='ltr'><strong>nonnulli</strong></span> <span class='ocrx_word' id='word_1_309' title='bbox 715 3798 833 3851; x_wconf 83' lang='lat' dir='ltr'><strong>accipiunt</strong></span> <span class='ocrx_word' id='word_1_310' title='bbox 853 3801 1011 3852; x_wconf 82' lang='lat' dir='ltr'><strong>provocantes</strong></span> <span class='ocrx_word' id='word_1_311' title='bbox 1031 3796 1060 3837; x_wconf 83' lang='lat' dir='ltr'><strong>ad</strong></span> <span class='ocrx_word' id='word_1_312' title='bbox 1081 3794 1153 3851; x_wconf 74' lang='lat' dir='ltr'><strong>Eleg,</strong></span> 
     </span>
     <span class='ocr_line' id='line_1_39' title="bbox 36 3862 1152 3927; baseline -0.002 -22"><span class='ocrx_word' id='word_1_313' title='bbox 36 3865 59 3906; x_wconf 86' lang='lat' dir='ltr'><strong>in</strong></span> <span class='ocrx_word' id='word_1_314' title='bbox 77 3863 137 3906; x_wconf 88' lang='lat' dir='ltr'><strong>obit.</strong></span> <span class='ocrx_word' id='word_1_315' title='bbox 158 3865 269 3908; x_wconf 82' lang='lat' dir='ltr'><strong>Maecen.</strong></span> <span class='ocrx_word' id='word_1_316' title='bbox 290 3862 332 3910; x_wconf 79' lang='lat'><strong>56.</strong></span> <span class='ocrx_word' id='word_1_317' title='bbox 352 3863 400 3909; x_wconf 83' lang='lat' dir='ltr'><strong>Hic</strong></span> <span class='ocrx_word' id='word_1_318' title='bbox 419 3867 467 3909; x_wconf 80' lang='lat' dir='ltr'><strong>telo</strong></span> <span class='ocrx_word' id='word_1_319' title='bbox 485 3866 513 3910; x_wconf 80' lang='lat' dir='ltr'><strong>in</strong></span> <span class='ocrx_word' id='word_1_320' title='bbox 528 3864 654 3927; x_wconf 81' lang='lat' dir='ltr'><strong>profugos</strong></span> <span class='ocrx_word' id='word_1_321' title='bbox 682 3889 715 3900; x_wconf 85' lang='lat'><em>-</em></span> <span class='ocrx_word' id='word_1_322' title='bbox 739 3863 813 3909; x_wconf 73' lang='lat' dir='ltr'><strong>Misit</strong></span> <span class='ocrx_word' id='word_1_323' title='bbox 830 3864 865 3909; x_wconf 82' lang='lat' dir='ltr'><strong>ad</strong></span> <span class='ocrx_word' id='word_1_324' title='bbox 888 3870 1015 3908; x_wconf 71' lang='lat' dir='ltr'><strong>extremos</strong></span> <span class='ocrx_word' id='word_1_325' title='bbox 1034 3863 1152 3925; x_wconf 64' lang='lat' dir='ltr'><strong>exorien-</strong></span> 
     </span>
     <span class='ocr_line' id='line_1_40' title="bbox 36 3929 1152 3989; baseline -0.002 -16"><span class='ocrx_word' id='word_1_326' title='bbox 36 3932 68 3974; x_wconf 78' lang='lat' dir='ltr'><strong>tis</strong></span> <span class='ocrx_word' id='word_1_327' title='bbox 86 3943 171 3989; x_wconf 76' lang='lat' dir='ltr'><strong>equor.</strong></span> <span class='ocrx_word' id='word_1_328' title='bbox 192 3934 266 3988; x_wconf 81' lang='lat' dir='ltr'><strong>(Aca.</strong></span> <span class='ocrx_word' id='word_1_329' title='bbox 287 3933 316 3987; x_wconf 82' lang='lat'><strong>5,</strong></span> <span class='ocrx_word' id='word_1_330' title='bbox 351 3931 409 3979; x_wconf 84' lang='lat'><strong>739.</strong></span> <span class='ocrx_word' id='word_1_331' title='bbox 429 3937 485 3978; x_wconf 86' lang='lat' dir='ltr'><strong>Val.</strong></span> <span class='ocrx_word' id='word_1_332' title='bbox 505 3937 585 3979; x_wconf 80' lang='lat' dir='ltr'><strong>Flacc.</strong></span> <span class='ocrx_word' id='word_1_333' title='bbox 607 3934 640 3989; x_wconf 81' lang='lat'><strong>3,</strong></span> <span class='ocrx_word' id='word_1_334' title='bbox 670 3931 730 3977; x_wconf 69' lang='lat'><strong>411.</strong></span> <span class='ocrx_word' id='word_1_335' title='bbox 751 3948 797 3978; x_wconf 88' lang='lat' dir='ltr'><strong>nou</strong></span> <span class='ocrx_word' id='word_1_336' title='bbox 816 3933 961 3984; x_wconf 70' lang='lat' dir='ltr'><strong>Exoriare,</strong></span> <span class='ocrx_word' id='word_1_337' title='bbox 993 3932 1034 3974; x_wconf 79' lang='lat' dir='ltr'><strong>sed</strong></span> <span class='ocrx_word' id='word_1_338' title='bbox 1058 3929 1152 3974; x_wconf 74' lang='lat' dir='ltr'><strong>Oriens</strong></span> 
     </span>
     <span class='ocr_line' id='line_1_41' title="bbox 37 3996 1154 4058; baseline -0.003 -18"><span class='ocrx_word' id='word_1_339' title='bbox 37 4000 121 4043; x_wconf 82' lang='lat' dir='ltr'><strong>dicitur</strong></span> <span class='ocrx_word' id='word_1_340' title='bbox 140 4001 201 4051; x_wconf 83' lang='lat' dir='ltr'><strong>sol.)</strong></span> <span class='ocrx_word' id='word_1_341' title='bbox 239 4001 286 4044; x_wconf 85' lang='lat' dir='ltr'><strong>Sed</strong></span> <span class='ocrx_word' id='word_1_342' title='bbox 307 4003 358 4045; x_wconf 80' lang='lat' dir='ltr'><strong>ride</strong></span> <span class='ocrx_word' id='word_1_343' title='bbox 377 4017 405 4046; x_wconf 87' lang='lat' dir='ltr'><strong>ne</strong></span> <span class='ocrx_word' id='word_1_344' title='bbox 419 4003 472 4045; x_wconf 88' lang='lat' dir='ltr'><strong>huic</strong></span> <span class='ocrx_word' id='word_1_345' title='bbox 488 4004 679 4058; x_wconf 80' lang='lat' dir='ltr'><strong>interpretationi</strong></span> <span class='ocrx_word' id='word_1_346' title='bbox 699 4004 779 4048; x_wconf 85' lang='lat' dir='ltr'><strong>obstet</strong></span> <span class='ocrx_word' id='word_1_347' title='bbox 792 4016 814 4046; x_wconf 83' lang='lat' dir='ltr'><strong>v.</strong></span> <span class='ocrx_word' id='word_1_348' title='bbox 836 4000 878 4047; x_wconf 82' lang='lat' dir='ltr'><strong>3t.</strong></span> <span class='ocrx_word' id='word_1_349' title='bbox 933 3997 975 4043; x_wconf 82' lang='lat'><strong>31.</strong></span> <span class='ocrx_word' id='word_1_350' title='bbox 995 3996 1033 4041; x_wconf 84' lang='lat' dir='ltr'><strong>Sr&#39;t</strong></span> <span class='ocrx_word' id='word_1_351' title='bbox 1051 4002 1154 4040; x_wconf 76' lang='lat' dir='ltr'><strong>ventura</strong></span> 
     </span>
     <span class='ocr_line' id='line_1_42' title="bbox 38 4062 1152 4123; baseline -0.003 -13"><span class='ocrx_word' id='word_1_352' title='bbox 38 4067 127 4110; x_wconf 78' lang='lat' dir='ltr'><strong>ecre.</strong></span> <span class='ocrx_word' id='word_1_353' title='bbox 156 4069 206 4111; x_wconf 88' lang='lat' dir='ltr'><strong>lac.</strong></span> <span class='ocrx_word' id='word_1_354' title='bbox 235 4066 282 4113; x_wconf 85' lang='lat'><strong>1.2.</strong></span> <span class='ocrx_word' id='word_1_355' title='bbox 311 4083 356 4123; x_wconf 88' lang='lat' dir='ltr'><strong>pro</strong></span> <span class='ocrx_word' id='word_1_356' title='bbox 374 4070 403 4114; x_wconf 67' lang='lat' dir='ltr'><strong>sl</strong></span> <span class='ocrx_word' id='word_1_357' title='bbox 423 4076 487 4114; x_wconf 78' lang='lat' dir='ltr'><strong>rent.</strong></span> <span class='ocrx_word' id='word_1_358' title='bbox 537 4073 653 4116; x_wconf 85' lang='lat' dir='ltr'><strong>Similiter</strong></span> <span class='ocrx_word' id='word_1_359' title='bbox 674 4085 697 4115; x_wconf 85' lang='lat' dir='ltr'><strong>v.</strong></span> <span class='ocrx_word' id='word_1_360' title='bbox 717 4070 759 4119; x_wconf 81' lang='lat'><strong>39.</strong></span> <span class='ocrx_word' id='word_1_361' title='bbox 779 4073 831 4115; x_wconf 74' lang='lat' dir='ltr'><strong>sint</strong></span> <span class='ocrx_word' id='word_1_362' title='bbox 850 4070 908 4113; x_wconf 79' lang='lat' dir='ltr'><strong>iura</strong></span> <span class='ocrx_word' id='word_1_363' title='bbox 925 4069 998 4110; x_wconf 85' lang='lat' dir='ltr'><strong>iidem</strong></span> <span class='ocrx_word' id='word_1_364' title='bbox 1019 4077 1063 4117; x_wconf 81' lang='lat' dir='ltr'><strong>pro</strong></span> <span class='ocrx_word' id='word_1_365' title='bbox 1085 4063 1109 4104; x_wconf 73' lang='lat' dir='ltr'><strong>ai</strong></span> <span class='ocrx_word' id='word_1_366' title='bbox 1133 4062 1152 4104; x_wconf 80' lang='grc' dir='ltr'><strong>ἰ.</strong></span> 
     </span>
     <span class='ocr_line' id='line_1_43' title="bbox 39 4131 1154 4195; baseline -0.007 -15"><span class='ocrx_word' id='word_1_367' title='bbox 39 4131 78 4178; x_wconf 82' lang='lat'><strong>33.</strong></span> <span class='ocrx_word' id='word_1_368' title='bbox 105 4134 256 4190; x_wconf 84' lang='lat' dir='ltr'><strong>Perrhaebi,</strong></span> <span class='ocrx_word' id='word_1_369' title='bbox 287 4139 369 4191; x_wconf 88' lang='lat' dir='ltr'><strong>populi</strong></span> <span class='ocrx_word' id='word_1_370' title='bbox 397 4139 551 4194; x_wconf 81' lang='lat' dir='ltr'><strong>Thessaliae,</strong></span> <span class='ocrx_word' id='word_1_371' title='bbox 582 4141 738 4195; x_wconf 80' lang='lat' dir='ltr'><strong>Lapitharum</strong></span> <span class='ocrx_word' id='word_1_372' title='bbox 763 4140 867 4193; x_wconf 87' lang='lat' dir='ltr'><strong>potentia</strong></span> <span class='ocrx_word' id='word_1_373' title='bbox 898 4136 967 4179; x_wconf 80' lang='lat' dir='ltr'><strong>tracti</strong></span> <span class='ocrx_word' id='word_1_374' title='bbox 995 4131 1106 4188; x_wconf 77' lang='lat' dir='ltr'><strong>sugerunt</strong></span> <span class='ocrx_word' id='word_1_375' title='bbox 1130 4131 1154 4173; x_wconf 86' lang='lat' dir='ltr'><strong>iu</strong></span> 
     </span>
     <span class='ocr_line' id='line_1_44' title="bbox 38 4203 712 4266; baseline 0.01 -21"><span class='ocrx_word' id='word_1_376' title='bbox 38 4203 142 4249; x_wconf 70' lang='lat' dir='ltr'><strong>Aetoliae</strong></span> <span class='ocrx_word' id='word_1_377' title='bbox 164 4209 294 4259; x_wconf 82' lang='lat' dir='ltr'><strong>montana,</strong></span> <span class='ocrx_word' id='word_1_378' title='bbox 316 4206 392 4250; x_wconf 84' lang='lat' dir='ltr'><strong>Pindo</strong></span> <span class='ocrx_word' id='word_1_379' title='bbox 407 4208 527 4262; x_wconf 82' lang='lat' dir='ltr'><strong>proxima.</strong></span> <span class='ocrx_word' id='word_1_380' title='bbox 548 4209 577 4251; x_wconf 91' lang='lat' dir='ltr'><strong>ll.</strong></span> <span class='ocrx_word' id='word_1_381' title='bbox 597 4206 632 4266; x_wconf 80' lang='grc' dir='ltr'><strong>β,</strong></span> <span class='ocrx_word' id='word_1_382' title='bbox 654 4205 712 4254; x_wconf 78' lang='grc'><strong>759.</strong></span> 
     </span>
    </p>
   </div>
   <div class='ocr_carea' id='block_1_3' title="bbox 0 0 1388 4744">
    <p class='ocr_par' dir='ltr' id='par_1_3' title="bbox 0 0 1388 4744">
     <span class='ocr_line' id='line_1_45' title="bbox 0 0 1388 4744; baseline 0 0"><span class='ocrx_word' id='word_1_383' title='bbox 0 0 1388 4744; x_wconf 95' lang='lat' dir='ltr'><strong> </strong></span> 
     </span>
    </p>
   </div>
  </div>
 </body>
</html>
