<?xml version="1.0" encoding="UTF-8"?>
<!DOCTYPE html PUBLIC "-//W3C//DTD XHTML 1.0 Transitional//EN"
    "http://www.w3.org/TR/xhtml1/DTD/xhtml1-transitional.dtd">
<html xmlns="http://www.w3.org/1999/xhtml" xml:lang="en" lang="en">
 <head>
  <title>
</title>
<meta http-equiv="Content-Type" content="text/html;charset=utf-8" />
  <meta name='ocr-system' content='tesseract 3.04.00' />
  <meta name='ocr-capabilities' content='ocr_page ocr_carea ocr_par ocr_line ocrx_word'/>
</head>
<body>
  <div class='ocr_page' id='page_1' title='image "./eclogaepoetarum02orelgoog_0249.png"; bbox 0 0 2750 4744; ppageno 0'>
   <div class='ocr_carea' id='block_1_1' title="bbox 207 188 271 250">
    <p class='ocr_par' dir='ltr' id='par_1_1' title="bbox 207 188 271 250">
     <span class='ocr_line' id='line_1_1' title="bbox 207 188 271 250; baseline 0 0"><span class='ocrx_word' id='word_1_1' title='bbox 207 188 271 250; x_wconf 87' lang='lat'><strong>210</strong></span> 
     </span>
    </p>
   </div>
   <div class='ocr_carea' id='block_1_2' title="bbox 139 335 1339 2664">
    <p class='ocr_par' dir='ltr' id='par_1_2' title="bbox 139 335 1339 2664">
     <span class='ocr_line' id='line_1_2' title="bbox 210 335 989 420; baseline -0.014 -8"><span class='ocrx_word' id='word_1_2' title='bbox 210 348 295 412; x_wconf 87' lang='lat' dir='ltr'><strong>Dum</strong></span> <span class='ocrx_word' id='word_1_3' title='bbox 318 364 358 407; x_wconf 92' lang='lat' dir='ltr'><strong>ne</strong></span> <span class='ocrx_word' id='word_1_4' title='bbox 381 341 519 404; x_wconf 86' lang='lat' dir='ltr'><strong>deterius</strong></span> <span class='ocrx_word' id='word_1_5' title='bbox 541 336 643 420; x_wconf 87' lang='lat' dir='ltr'><strong>sapiat</strong></span> <span class='ocrx_word' id='word_1_6' title='bbox 665 356 831 419; x_wconf 83' lang='lat' dir='ltr'>pannucea</span> <span class='ocrx_word' id='word_1_7' title='bbox 852 335 989 412; x_wconf 79' lang='lat' dir='ltr'><strong>Baucis,</strong></span> 
     </span>
     <span class='ocr_line' id='line_1_3' title="bbox 211 439 1090 530; baseline -0.009 -18"><span class='ocrx_word' id='word_1_8' title='bbox 211 449 319 530; x_wconf 82' lang='lat' dir='ltr'><strong>Quom</strong></span> <span class='ocrx_word' id='word_1_9' title='bbox 340 447 420 509; x_wconf 91' lang='lat' dir='ltr'><strong>bene</strong></span> <span class='ocrx_word' id='word_1_10' title='bbox 443 441 598 505; x_wconf 89' lang='lat' dir='ltr'><strong>discincto</strong></span> <span class='ocrx_word' id='word_1_11' title='bbox 620 439 797 503; x_wconf 84' lang='lat' dir='ltr'><strong>cantaverit</strong></span> <span class='ocrx_word' id='word_1_12' title='bbox 819 460 931 519; x_wconf 80' lang='lat' dir='ltr'>ocyma</span> <span class='ocrx_word' id='word_1_13' title='bbox 958 460 1090 504; x_wconf 87' lang='lat' dir='ltr'><strong>vernae.</strong></span> 
     </span>
     <span class='ocr_line' id='line_1_4' title="bbox 139 544 1012 616; baseline -0.011 0"><span class='ocrx_word' id='word_1_14' title='bbox 139 578 144 586; x_wconf 93' lang='lat'><strong>·</strong></span> <span class='ocrx_word' id='word_1_15' title='bbox 211 552 256 616; x_wconf 90' lang='lat' dir='ltr'><strong>Ut</strong></span> <span class='ocrx_word' id='word_1_16' title='bbox 277 567 371 611; x_wconf 89' lang='lat' dir='ltr'><strong>nemo</strong></span> <span class='ocrx_word' id='word_1_17' title='bbox 394 547 423 609; x_wconf 91' lang='lat' dir='ltr'><strong>in</strong></span> <span class='ocrx_word' id='word_1_18' title='bbox 447 565 516 608; x_wconf 89' lang='lat' dir='ltr'><strong>sese</strong></span> <span class='ocrx_word' id='word_1_19' title='bbox 538 552 639 605; x_wconf 87' lang='lat' dir='ltr'><strong>tentat</strong></span> <span class='ocrx_word' id='word_1_20' title='bbox 660 544 874 616; x_wconf 82' lang='lat' dir='ltr'><strong>descendere,</strong></span> <span class='ocrx_word' id='word_1_21' title='bbox 898 547 1012 606; x_wconf 90' lang='lat' dir='ltr'><strong>nemo!</strong></span> 
     </span>
     <span class='ocr_line' id='line_1_5' title="bbox 211 644 970 731; baseline -0.009 -17"><span class='ocrx_word' id='word_1_22' title='bbox 211 653 275 715; x_wconf 87' lang='lat' dir='ltr'><strong>Sed</strong></span> <span class='ocrx_word' id='word_1_23' title='bbox 297 646 499 731; x_wconf 89' lang='lat' dir='ltr'><strong>praecedenti</strong></span> <span class='ocrx_word' id='word_1_24' title='bbox 519 655 682 727; x_wconf 86' lang='lat' dir='ltr'><strong>spectatur</strong></span> <span class='ocrx_word' id='word_1_25' title='bbox 705 644 840 706; x_wconf 85' lang='lat' dir='ltr'><strong>mantica</strong></span> <span class='ocrx_word' id='word_1_26' title='bbox 862 656 970 727; x_wconf 88' lang='lat' dir='ltr'><strong>tergo.</strong></span> 
     </span>
     <span class='ocr_line' id='line_1_6' title="bbox 211 745 1339 834; baseline -0.007 -18"><span class='ocrx_word' id='word_1_27' title='bbox 211 750 414 834; x_wconf 77' lang='lat' dir='ltr'><strong>Quaesierisz</strong></span> <span class='ocrx_word' id='word_1_28' title='bbox 437 748 578 822; x_wconf 84' lang='lat' dir='ltr'><strong>„Nostin</strong></span> <span class='ocrx_word' id='word_1_29' title='bbox 601 745 732 809; x_wconf 90' lang='lat' dir='ltr'><strong>Vectidi</strong></span> <span class='ocrx_word' id='word_1_30' title='bbox 753 745 934 827; x_wconf 85' lang='lat' dir='ltr'><strong>praedia?&#39;’</strong></span> <span class='ocrx_word' id='word_1_31' title='bbox 957 778 999 789; x_wconf 86' lang='lat'>—</span> <span class='ocrx_word' id='word_1_32' title='bbox 1022 746 1199 821; x_wconf 84' lang='lat' dir='ltr'><strong>„Cuius?”</strong></span> <span class='ocrx_word' id='word_1_33' title='bbox 1228 779 1274 788; x_wconf 95' lang='lat'><em>-</em></span> <span class='ocrx_word' id='word_1_34' title='bbox 1304 746 1339 808; x_wconf 83' lang='lat'><strong>25</strong></span> 
     </span>
     <span class='ocr_line' id='line_1_7' title="bbox 210 848 1216 932; baseline -0.009 -12"><span class='ocrx_word' id='word_1_35' title='bbox 210 855 311 920; x_wconf 85' lang='lat' dir='ltr'><strong>Dives</strong></span> <span class='ocrx_word' id='word_1_36' title='bbox 334 864 401 915; x_wconf 88' lang='lat' dir='ltr'><strong>arat</strong></span> <span class='ocrx_word' id='word_1_37' title='bbox 424 851 585 924; x_wconf 88' lang='lat' dir='ltr'><strong>Curibus,</strong></span> <span class='ocrx_word' id='word_1_38' title='bbox 608 860 759 932; x_wconf 89' lang='lat' dir='ltr'><strong>quantum</strong></span> <span class='ocrx_word' id='word_1_39' title='bbox 781 870 846 913; x_wconf 93' lang='lat' dir='ltr'><strong>non</strong></span> <span class='ocrx_word' id='word_1_40' title='bbox 871 848 984 912; x_wconf 88' lang='lat' dir='ltr'><strong>milvus</strong></span> <span class='ocrx_word' id='word_1_41' title='bbox 1008 852 1147 915; x_wconf 86' lang='lat' dir='ltr'><strong>oberret.</strong></span> <span class='ocrx_word' id='word_1_42' title='bbox 1170 882 1216 892; x_wconf 91' lang='lat'>-</span> 
     </span>
     <span class='ocr_line' id='line_1_8' title="bbox 211 948 1061 1034; baseline -0.007 -14"><span class='ocrx_word' id='word_1_43' title='bbox 211 958 330 1030; x_wconf 86' lang='lat' dir='ltr'><strong>„Hunc</strong></span> <span class='ocrx_word' id='word_1_44' title='bbox 352 953 421 1016; x_wconf 74' lang='lat' dir='ltr'><strong>ais?</strong></span> <span class='ocrx_word' id='word_1_45' title='bbox 443 955 527 1016; x_wconf 83' lang='lat' dir='ltr'><strong>hune</strong></span> <span class='ocrx_word' id='word_1_46' title='bbox 549 951 597 1014; x_wconf 89' lang='lat' dir='ltr'><strong>dis</strong></span> <span class='ocrx_word' id='word_1_47' title='bbox 619 950 707 1014; x_wconf 89' lang='lat' dir='ltr'><strong>iratis</strong></span> <span class='ocrx_word' id='word_1_48' title='bbox 730 951 890 1034; x_wconf 86' lang='lat' dir='ltr'><strong>genioque</strong></span> <span class='ocrx_word' id='word_1_49' title='bbox 913 948 1061 1027; x_wconf 81' lang='lat' dir='ltr'><strong>sinistro,</strong></span> 
     </span>
     <span class='ocr_line' id='line_1_9' title="bbox 214 1053 1102 1142; baseline -0.007 -21"><span class='ocrx_word' id='word_1_50' title='bbox 214 1057 279 1138; x_wconf 85' lang='lat' dir='ltr'><strong>Qui</strong></span> <span class='ocrx_word' id='word_1_51' title='bbox 300 1059 491 1142; x_wconf 87' lang='lat' dir='ltr'><strong>quandoque</strong></span> <span class='ocrx_word' id='word_1_52' title='bbox 512 1054 622 1138; x_wconf 89' lang='lat' dir='ltr'><strong>iugum</strong></span> <span class='ocrx_word' id='word_1_53' title='bbox 644 1064 770 1135; x_wconf 89' lang='lat' dir='ltr'><strong>pertusa</strong></span> <span class='ocrx_word' id='word_1_54' title='bbox 794 1055 833 1115; x_wconf 94' lang='lat' dir='ltr'><strong>ad</strong></span> <span class='ocrx_word' id='word_1_55' title='bbox 856 1053 994 1136; x_wconf 88' lang='lat' dir='ltr'><strong>compita</strong></span> <span class='ocrx_word' id='word_1_56' title='bbox 1015 1054 1102 1138; x_wconf 87' lang='lat' dir='ltr'><strong>figit,</strong></span> 
     </span>
     <span class='ocr_line' id='line_1_10' title="bbox 211 1157 991 1224; baseline -0.006 -1"><span class='ocrx_word' id='word_1_57' title='bbox 211 1159 356 1224; x_wconf 87' lang='lat' dir='ltr'><strong>Seriolae</strong></span> <span class='ocrx_word' id='word_1_58' title='bbox 380 1169 519 1220; x_wconf 88' lang='lat' dir='ltr'><strong>veterem</strong></span> <span class='ocrx_word' id='word_1_59' title='bbox 542 1166 685 1218; x_wconf 88' lang='lat' dir='ltr'><strong>metuens</strong></span> <span class='ocrx_word' id='word_1_60' title='bbox 709 1158 863 1219; x_wconf 89' lang='lat' dir='ltr'><strong>deradere</strong></span> <span class='ocrx_word' id='word_1_61' title='bbox 885 1157 991 1220; x_wconf 88' lang='lat' dir='ltr'><strong>limum</strong></span> 
     </span>
     <span class='ocr_line' id='line_1_11' title="bbox 211 1256 1339 1346; baseline -0.006 -20"><span class='ocrx_word' id='word_1_62' title='bbox 211 1260 365 1346; x_wconf 85' lang='lat' dir='ltr'><strong>ingemit,</strong></span> <span class='ocrx_word' id='word_1_63' title='bbox 390 1259 489 1332; x_wconf 87' lang='lat' dir='ltr'><strong>„Hoc</strong></span> <span class='ocrx_word' id='word_1_64' title='bbox 510 1260 591 1320; x_wconf 90' lang='lat' dir='ltr'><strong>bene</strong></span> <span class='ocrx_word' id='word_1_65' title='bbox 613 1256 696 1320; x_wconf 87' lang='lat' dir='ltr'><strong>sit!&#39;’</strong></span> <span class='ocrx_word' id='word_1_66' title='bbox 719 1257 891 1320; x_wconf 88' lang='lat' dir='ltr'><strong>tunicatum</strong></span> <span class='ocrx_word' id='word_1_67' title='bbox 915 1281 985 1320; x_wconf 89' lang='lat' dir='ltr'><strong>cum</strong></span> <span class='ocrx_word' id='word_1_68' title='bbox 1008 1260 1073 1323; x_wconf 89' lang='lat' dir='ltr'><strong>sale</strong></span> <span class='ocrx_word' id='word_1_69' title='bbox 1097 1262 1257 1323; x_wconf 90' lang='lat' dir='ltr'><strong>mordens</strong></span> <span class='ocrx_word' id='word_1_70' title='bbox 1302 1260 1339 1322; x_wconf 82' lang='lat'><strong>30</strong></span> 
     </span>
     <span class='ocr_line' id='line_1_12' title="bbox 210 1357 1022 1445; baseline -0.009 -16"><span class='ocrx_word' id='word_1_71' title='bbox 210 1364 320 1445; x_wconf 89' lang='lat' dir='ltr'><strong>Caepe</strong></span> <span class='ocrx_word' id='word_1_72' title='bbox 343 1373 391 1437; x_wconf 88' lang='lat' dir='ltr'><strong>et,</strong></span> <span class='ocrx_word' id='word_1_73' title='bbox 415 1362 537 1423; x_wconf 82' lang='lat' dir='ltr'><strong>farrata</strong></span> <span class='ocrx_word' id='word_1_74' title='bbox 558 1357 667 1441; x_wconf 85' lang='lat' dir='ltr'><strong>pueris</strong></span> <span class='ocrx_word' id='word_1_75' title='bbox 688 1359 914 1440; x_wconf 81' lang='lat' dir='ltr'><strong>plaudentibus</strong></span> <span class='ocrx_word' id='word_1_76' title='bbox 937 1361 1022 1435; x_wconf 91' lang='lat' dir='ltr'><strong>olla,</strong></span> 
     </span>
     <span class='ocr_line' id='line_1_13' title="bbox 210 1460 1056 1530; baseline -0.007 -1"><span class='ocrx_word' id='word_1_77' title='bbox 210 1469 390 1530; x_wconf 88' lang='lat' dir='ltr'><strong>Pannosam</strong></span> <span class='ocrx_word' id='word_1_78' title='bbox 413 1464 531 1525; x_wconf 81' lang='lat' dir='ltr'><strong>faecem</strong></span> <span class='ocrx_word' id='word_1_79' title='bbox 555 1460 719 1525; x_wconf 88' lang='lat' dir='ltr'><strong>morientis</strong></span> <span class='ocrx_word' id='word_1_80' title='bbox 741 1463 853 1523; x_wconf 89' lang='lat' dir='ltr'><strong>sorbet</strong></span> <span class='ocrx_word' id='word_1_81' title='bbox 876 1462 991 1526; x_wconf 79' lang='lat' dir='ltr'><strong>aceti.&#39;’</strong></span> <span class='ocrx_word' id='word_1_82' title='bbox 1014 1494 1056 1505; x_wconf 86' lang='lat'>—</span> 
     </span>
     <span class='ocr_line' id='line_1_14' title="bbox 211 1561 1015 1647; baseline -0.004 -17"><span class='ocrx_word' id='word_1_83' title='bbox 211 1570 257 1631; x_wconf 89' lang='lat' dir='ltr'><strong>At</strong></span> <span class='ocrx_word' id='word_1_84' title='bbox 279 1567 306 1628; x_wconf 91' lang='lat' dir='ltr'><strong>si</strong></span> <span class='ocrx_word' id='word_1_85' title='bbox 328 1576 443 1628; x_wconf 91' lang='lat' dir='ltr'><strong>unctus</strong></span> <span class='ocrx_word' id='word_1_86' title='bbox 466 1585 571 1626; x_wconf 87' lang='lat' dir='ltr'><strong>cesses</strong></span> <span class='ocrx_word' id='word_1_87' title='bbox 595 1574 626 1624; x_wconf 87' lang='lat' dir='ltr'><strong>ct</strong></span> <span class='ocrx_word' id='word_1_88' title='bbox 647 1562 727 1647; x_wconf 88' lang='lat' dir='ltr'><strong>ligas</strong></span> <span class='ocrx_word' id='word_1_89' title='bbox 749 1561 781 1625; x_wconf 91' lang='lat' dir='ltr'><strong>in</strong></span> <span class='ocrx_word' id='word_1_90' title='bbox 804 1576 874 1626; x_wconf 90' lang='lat' dir='ltr'><strong>cute</strong></span> <span class='ocrx_word' id='word_1_91' title='bbox 896 1565 1015 1641; x_wconf 88' lang='lat' dir='ltr'><strong>solem,</strong></span> 
     </span>
     <span class='ocr_line' id='line_1_15' title="bbox 212 1664 1163 1757; baseline -0.001 -26"><span class='ocrx_word' id='word_1_92' title='bbox 212 1671 272 1732; x_wconf 88' lang='lat' dir='ltr'><strong>Est</strong></span> <span class='ocrx_word' id='word_1_93' title='bbox 294 1688 398 1750; x_wconf 82' lang='lat' dir='ltr'><strong>prope</strong></span> <span class='ocrx_word' id='word_1_94' title='bbox 421 1677 452 1728; x_wconf 93' lang='lat' dir='ltr'><strong>te</strong></span> <span class='ocrx_word' id='word_1_95' title='bbox 475 1665 624 1749; x_wconf 86' lang='lat' dir='ltr'><strong>ignotus,</strong></span> <span class='ocrx_word' id='word_1_96' title='bbox 651 1664 759 1729; x_wconf 90' lang='lat' dir='ltr'><strong>cubito</strong></span> <span class='ocrx_word' id='word_1_97' title='bbox 783 1665 837 1748; x_wconf 91' lang='lat' dir='ltr'><strong>qui</strong></span> <span class='ocrx_word' id='word_1_98' title='bbox 861 1678 970 1752; x_wconf 88' lang='lat' dir='ltr'><strong>tangat</strong></span> <span class='ocrx_word' id='word_1_99' title='bbox 992 1680 1023 1730; x_wconf 93' lang='lat' dir='ltr'><strong>et</strong></span> <span class='ocrx_word' id='word_1_100' title='bbox 1046 1668 1120 1731; x_wconf 91' lang='lat' dir='ltr'><strong>a&#39;cre</strong></span> <span class='ocrx_word' id='word_1_101' title='bbox 1159 1753 1163 1757; x_wconf 17' lang='lat'>⁵</span> 
     </span>
     <span class='ocr_line' id='line_1_16' title="bbox 210 1768 1338 1851; baseline 0.002 -17"><span class='ocrx_word' id='word_1_102' title='bbox 210 1771 355 1851; x_wconf 84' lang='lat' dir='ltr'><strong>Despuat</strong></span> <span class='ocrx_word' id='word_1_103' title='bbox 376 1768 407 1831; x_wconf 91' lang='lat' dir='ltr'><strong>in</strong></span> <span class='ocrx_word' id='word_1_104' title='bbox 431 1787 552 1841; x_wconf 89' lang='lat' dir='ltr'><strong>mores,</strong></span> <span class='ocrx_word' id='word_1_105' title='bbox 577 1788 753 1851; x_wconf 85' lang='lat' dir='ltr'><strong>penemque</strong></span> <span class='ocrx_word' id='word_1_106' title='bbox 776 1789 954 1850; x_wconf 90' lang='lat' dir='ltr'><strong>arcanaque</strong></span> <span class='ocrx_word' id='word_1_107' title='bbox 977 1769 1075 1832; x_wconf 90' lang='lat' dir='ltr'><strong>lumbi</strong></span> <span class='ocrx_word' id='word_1_108' title='bbox 1301 1775 1338 1836; x_wconf 78' lang='lat'><strong>35</strong></span> 
     </span>
     <span class='ocr_line' id='line_1_17' title="bbox 210 1869 1060 1952; baseline -0.005 -15"><span class='ocrx_word' id='word_1_109' title='bbox 210 1873 407 1937; x_wconf 85' lang='lat' dir='ltr'><strong>Runcantem</strong></span> <span class='ocrx_word' id='word_1_110' title='bbox 431 1869 553 1951; x_wconf 89' lang='lat' dir='ltr'><strong>populo</strong></span> <span class='ocrx_word' id='word_1_111' title='bbox 577 1881 752 1943; x_wconf 79' lang='lat' dir='ltr'><strong>marcentes</strong></span> <span class='ocrx_word' id='word_1_112' title='bbox 774 1873 913 1952; x_wconf 87' lang='lat' dir='ltr'><strong>pandere</strong></span> <span class='ocrx_word' id='word_1_113' title='bbox 936 1872 1060 1933; x_wconf 89' lang='lat' dir='ltr'><strong>vulvas.</strong></span> 
     </span>
     <span class='ocr_line' id='line_1_18' title="bbox 208 1970 1102 2057; baseline -0.002 -20"><span class='ocrx_word' id='word_1_114' title='bbox 208 2021 224 2049; x_wconf 87' lang='lat'><strong>‚,</strong></span> <span class='ocrx_word' id='word_1_115' title='bbox 235 1977 304 2049; x_wconf 86' lang='lat' dir='ltr'><strong>Tu,</strong></span> <span class='ocrx_word' id='word_1_116' title='bbox 328 1994 425 2057; x_wconf 84' lang='lat' dir='ltr'><strong>quoin</strong></span> <span class='ocrx_word' id='word_1_117' title='bbox 449 1970 586 2034; x_wconf 83' lang='lat' dir='ltr'><strong>maxillis</strong></span> <span class='ocrx_word' id='word_1_118' title='bbox 609 1972 788 2035; x_wconf 90' lang='lat' dir='ltr'><strong>balanatum</strong></span> <span class='ocrx_word' id='word_1_119' title='bbox 812 1993 951 2057; x_wconf 84' lang='lat' dir='ltr'><strong>gausape</strong></span> <span class='ocrx_word' id='word_1_120' title='bbox 974 1985 1102 2054; x_wconf 84' lang='lat' dir='ltr'><strong>pectas,</strong></span> 
     </span>
     <span class='ocr_line' id='line_1_19' title="bbox 209 2074 1022 2159; baseline -0.004 -20"><span class='ocrx_word' id='word_1_121' title='bbox 209 2075 396 2159; x_wconf 86' lang='lat' dir='ltr'><strong>Inguinibus</strong></span> <span class='ocrx_word' id='word_1_122' title='bbox 419 2096 517 2158; x_wconf 89' lang='lat' dir='ltr'><strong>quare</strong></span> <span class='ocrx_word' id='word_1_123' title='bbox 540 2078 691 2137; x_wconf 90' lang='lat' dir='ltr'><strong>detonsus</strong></span> <span class='ocrx_word' id='word_1_124' title='bbox 715 2074 868 2159; x_wconf 86' lang='lat' dir='ltr'><strong>gurgulio</strong></span> <span class='ocrx_word' id='word_1_125' title='bbox 891 2074 1022 2136; x_wconf 82' lang='lat' dir='ltr'><strong>exstat?</strong></span> 
     </span>
     <span class='ocr_line' id='line_1_20' title="bbox 209 2173 1102 2261; baseline -0.001 -22"><span class='ocrx_word' id='word_1_126' title='bbox 209 2177 359 2261; x_wconf 86' lang='lat' dir='ltr'><strong>Quinque</strong></span> <span class='ocrx_word' id='word_1_127' title='bbox 381 2175 585 2259; x_wconf 87' lang='lat' dir='ltr'><strong>palaestritae</strong></span> <span class='ocrx_word' id='word_1_128' title='bbox 607 2173 682 2238; x_wconf 90' lang='lat' dir='ltr'><strong>licet</strong></span> <span class='ocrx_word' id='word_1_129' title='bbox 704 2177 782 2237; x_wconf 85' lang='lat' dir='ltr'><strong>haec</strong></span> <span class='ocrx_word' id='word_1_130' title='bbox 803 2175 960 2257; x_wconf 89' lang='lat' dir='ltr'><strong>plantaria</strong></span> <span class='ocrx_word' id='word_1_131' title='bbox 985 2178 1102 2240; x_wconf 88' lang='lat' dir='ltr'><strong>vellant</strong></span> 
     </span>
     <span class='ocr_line' id='line_1_21' title="bbox 209 2275 1019 2361; baseline -0.002 -19"><span class='ocrx_word' id='word_1_132' title='bbox 209 2276 383 2361; x_wconf 86' lang='lat' dir='ltr'><strong>Elixasque</strong></span> <span class='ocrx_word' id='word_1_133' title='bbox 405 2289 492 2342; x_wconf 88' lang='lat' dir='ltr'><strong>nates</strong></span> <span class='ocrx_word' id='word_1_134' title='bbox 516 2275 712 2340; x_wconf 79' lang='lat' dir='ltr'><strong>labefactent</strong></span> <span class='ocrx_word' id='word_1_135' title='bbox 733 2276 857 2358; x_wconf 82' lang='lat' dir='ltr'><strong>forcipe</strong></span> <span class='ocrx_word' id='word_1_136' title='bbox 881 2281 1019 2353; x_wconf 71' lang='lat' dir='ltr'><strong>andriaca,</strong></span> 
     </span>
     <span class='ocr_line' id='line_1_22' title="bbox 207 2379 1048 2446; baseline 0.004 -3"><span class='ocrx_word' id='word_1_137' title='bbox 207 2381 285 2443; x_wconf 87' lang='lat' dir='ltr'><strong>Non</strong></span> <span class='ocrx_word' id='word_1_138' title='bbox 305 2391 410 2443; x_wconf 82' lang='lat' dir='ltr'><strong>tamen</strong></span> <span class='ocrx_word' id='word_1_139' title='bbox 431 2379 491 2442; x_wconf 89' lang='lat' dir='ltr'><strong>ista</strong></span> <span class='ocrx_word' id='word_1_140' title='bbox 512 2379 581 2442; x_wconf 84' lang='lat' dir='ltr'><strong>filix</strong></span> <span class='ocrx_word' id='word_1_141' title='bbox 603 2380 669 2444; x_wconf 90' lang='lat' dir='ltr'><strong>ullo</strong></span> <span class='ocrx_word' id='word_1_142' title='bbox 693 2379 883 2442; x_wconf 89' lang='lat' dir='ltr'><strong>mansuescit</strong></span> <span class='ocrx_word' id='word_1_143' title='bbox 904 2382 1048 2446; x_wconf 88' lang='lat' dir='ltr'><strong>aratr0.”</strong></span> 
     </span>
     <span class='ocr_line' id='line_1_23' title="bbox 207 2479 1113 2570; baseline 0.002 -25"><span class='ocrx_word' id='word_1_144' title='bbox 207 2479 376 2545; x_wconf 87' lang='lat' dir='ltr'><strong>Caedimus</strong></span> <span class='ocrx_word' id='word_1_145' title='bbox 397 2481 492 2564; x_wconf 90' lang='lat' dir='ltr'><strong>inque</strong></span> <span class='ocrx_word' id='word_1_146' title='bbox 516 2481 616 2544; x_wconf 90' lang='lat' dir='ltr'><strong>vicem</strong></span> <span class='ocrx_word' id='word_1_147' title='bbox 639 2483 827 2570; x_wconf 83' lang='lat' dir='ltr'><strong>praebemus</strong></span> <span class='ocrx_word' id='word_1_148' title='bbox 850 2502 944 2544; x_wconf 88' lang='lat' dir='ltr'><strong>crura</strong></span> <span class='ocrx_word' id='word_1_149' title='bbox 966 2483 1113 2566; x_wconf 88' lang='lat' dir='ltr'><strong>sagittis:</strong></span> 
     </span>
     <span class='ocr_line' id='line_1_24' title="bbox 203 2581 1090 2664; baseline 0.005 -19"><span class='ocrx_word' id='word_1_150' title='bbox 203 2581 336 2645; x_wconf 84' lang='lat' dir='ltr'><strong>Vivitur</strong></span> <span class='ocrx_word' id='word_1_151' title='bbox 358 2584 421 2646; x_wconf 91' lang='lat' dir='ltr'><strong>hoc</strong></span> <span class='ocrx_word' id='word_1_152' title='bbox 443 2594 560 2664; x_wconf 85' lang='lat' dir='ltr'><strong>pacto:</strong></span> <span class='ocrx_word' id='word_1_153' title='bbox 584 2583 630 2646; x_wconf 90' lang='lat' dir='ltr'><strong>sic</strong></span> <span class='ocrx_word' id='word_1_154' title='bbox 651 2582 810 2646; x_wconf 90' lang='lat' dir='ltr'><strong>novimus.</strong></span> <span class='ocrx_word' id='word_1_155' title='bbox 836 2618 876 2630; x_wconf 92' lang='lat'><em>-</em></span> <span class='ocrx_word' id='word_1_156' title='bbox 900 2585 956 2648; x_wconf 90' lang='lat' dir='ltr'><strong>llia</strong></span> <span class='ocrx_word' id='word_1_157' title='bbox 980 2588 1090 2649; x_wconf 88' lang='lat' dir='ltr'><strong>subter</strong></span> 
     </span>
    </p>
   </div>
   <div class='ocr_carea' id='block_1_3' title="bbox 202 2710 209 2739">
    <p class='ocr_par' dir='ltr' id='par_1_3' title="bbox 202 2710 209 2739">
     <span class='ocr_line' id='line_1_25' title="bbox 202 2710 209 2739; baseline 0 0"><span class='ocrx_word' id='word_1_158' title='bbox 202 2710 209 2739; x_wconf 77' lang='lat' dir='ltr'><strong>i</strong></span> 
     </span>
    </p>
   </div>
   <div class='ocr_carea' id='block_1_4' title="bbox 198 2800 1341 3347">
    <p class='ocr_par' dir='ltr' id='par_1_4' title="bbox 198 2800 1341 3347">
     <span class='ocr_line' id='line_1_26' title="bbox 278 2800 1337 2864; baseline 0.008 -18"><span class='ocrx_word' id='word_1_159' title='bbox 278 2800 320 2846; x_wconf 99' lang='lat'><strong>21.</strong></span> <span class='ocrx_word' id='word_1_160' title='bbox 340 2826 372 2836; x_wconf 93' lang='lat'><em>-</em></span> <span class='ocrx_word' id='word_1_161' title='bbox 391 2801 458 2846; x_wconf 87' lang='lat' dir='ltr'><strong>Dum</strong></span> <span class='ocrx_word' id='word_1_162' title='bbox 473 2816 522 2846; x_wconf 84' lang='lat' dir='ltr'><strong>non</strong></span> <span class='ocrx_word' id='word_1_163' title='bbox 539 2816 660 2858; x_wconf 82' lang='lat' dir='ltr'><strong>super-scr.</strong></span> <span class='ocrx_word' id='word_1_164' title='bbox 680 2816 711 2846; x_wconf 81' lang='lat' dir='ltr'><strong>ne</strong></span> <span class='ocrx_word' id='word_1_165' title='bbox 725 2803 756 2848; x_wconf 86' lang='lat' dir='ltr'><strong>R.</strong></span> <span class='ocrx_word' id='word_1_166' title='bbox 784 2803 821 2850; x_wconf 86' lang='lat' dir='ltr'><strong>lb.</strong></span> <span class='ocrx_word' id='word_1_167' title='bbox 839 2824 873 2836; x_wconf 92' lang='lat'>-</span> <span class='ocrx_word' id='word_1_168' title='bbox 889 2803 1038 2861; x_wconf 70' lang='lat' dir='ltr'><strong>panocetae</strong></span> <span class='ocrx_word' id='word_1_169' title='bbox 1062 2806 1121 2850; x_wconf 88' lang='lat' dir='ltr'><strong>EM.</strong></span> <span class='ocrx_word' id='word_1_170' title='bbox 1148 2831 1181 2840; x_wconf 90' lang='lat'>—</span> <span class='ocrx_word' id='word_1_171' title='bbox 1195 2812 1337 2864; x_wconf 74' lang='lat' dir='ltr'><strong>pannucia</strong></span> 
     </span>
     <span class='ocr_line' id='line_1_27' title="bbox 206 2869 1337 2926; baseline 0.005 -10"><span class='ocrx_word' id='word_1_172' title='bbox 206 2871 287 2917; x_wconf 86' lang='lat' dir='ltr'><strong>Ceteri</strong></span> <span class='ocrx_word' id='word_1_173' title='bbox 304 2872 362 2917; x_wconf 85' lang='lat' dir='ltr'><strong>mei.</strong></span> <span class='ocrx_word' id='word_1_174' title='bbox 390 2869 432 2915; x_wconf 89' lang='lat'><strong>22.</strong></span> <span class='ocrx_word' id='word_1_175' title='bbox 459 2893 488 2904; x_wconf 91' lang='lat'>-</span> <span class='ocrx_word' id='word_1_176' title='bbox 507 2871 626 2917; x_wconf 73' lang='lat' dir='ltr'><strong>distincto</strong></span> <span class='ocrx_word' id='word_1_177' title='bbox 637 2872 695 2917; x_wconf 75' lang='lat' dir='ltr'><strong>AM.</strong></span> <span class='ocrx_word' id='word_1_178' title='bbox 716 2873 754 2917; x_wconf 88' lang='lat' dir='ltr'><strong>lb.</strong></span> <span class='ocrx_word' id='word_1_179' title='bbox 774 2874 902 2916; x_wconf 81' lang='lat' dir='ltr'><strong>-ocimc</strong></span> <span class='ocrx_word' id='word_1_180' title='bbox 922 2875 995 2919; x_wconf 78' lang='lat' dir='ltr'><strong>VEA.</strong></span> <span class='ocrx_word' id='word_1_181' title='bbox 1020 2899 1053 2908; x_wconf 90' lang='lat'><em>-</em></span> <span class='ocrx_word' id='word_1_182' title='bbox 1071 2876 1154 2919; x_wconf 72' lang='lat' dir='ltr'><strong>ocima</strong></span> <span class='ocrx_word' id='word_1_183' title='bbox 1176 2877 1281 2926; x_wconf 83' lang='lat' dir='ltr'><strong>TRSM.</strong></span> <span class='ocrx_word' id='word_1_184' title='bbox 1305 2903 1337 2914; x_wconf 92' lang='lat'><em>-</em></span> 
     </span>
     <span class='ocr_line' id='line_1_28' title="bbox 204 2939 1339 3003; baseline 0.004 -17"><span class='ocrx_word' id='word_1_185' title='bbox 204 2954 296 2999; x_wconf 76' lang='lat' dir='ltr'><strong>ecytnc</strong></span> <span class='ocrx_word' id='word_1_186' title='bbox 313 2941 343 2985; x_wconf 85' lang='lat' dir='ltr'><strong>F.</strong></span> <span class='ocrx_word' id='word_1_187' title='bbox 364 2940 401 2988; x_wconf 89' lang='lat' dir='ltr'><strong>lb.</strong></span> <span class='ocrx_word' id='word_1_188' title='bbox 416 2964 448 2974; x_wconf 93' lang='lat'><em>-</em></span> <span class='ocrx_word' id='word_1_189' title='bbox 466 2954 541 2985; x_wconf 81' lang='lat' dir='ltr'><strong>verno</strong></span> <span class='ocrx_word' id='word_1_190' title='bbox 557 2943 589 2986; x_wconf 89' lang='lat' dir='ltr'><strong>V.</strong></span> <span class='ocrx_word' id='word_1_191' title='bbox 618 2939 661 2986; x_wconf 88' lang='lat'><strong>23.</strong></span> <span class='ocrx_word' id='word_1_192' title='bbox 684 2952 715 2986; x_wconf 88' lang='lat'>=</span> <span class='ocrx_word' id='word_1_193' title='bbox 736 2947 838 2998; x_wconf 77' lang='lat' dir='ltr'><strong>temptat</strong></span> <span class='ocrx_word' id='word_1_194' title='bbox 854 2942 973 2988; x_wconf 69' lang='lat' dir='ltr'><strong>RESAM.</strong></span> <span class='ocrx_word' id='word_1_195' title='bbox 1000 2941 1042 2989; x_wconf 83' lang='lat'><strong>25.</strong></span> <span class='ocrx_word' id='word_1_196' title='bbox 1063 2943 1172 3003; x_wconf 80' lang='lat' dir='ltr'><strong>Vectidi]</strong></span> <span class='ocrx_word' id='word_1_197' title='bbox 1191 2947 1281 2992; x_wconf 79' lang='lat' dir='ltr'><strong>TAM.</strong></span> <span class='ocrx_word' id='word_1_198' title='bbox 1303 2967 1339 2983; x_wconf 74' lang='grc' dir='ltr'><strong>ι-</strong></span> 
     </span>
     <span class='ocr_line' id='line_1_29' title="bbox 206 3008 1338 3076; baseline 0.006 -23"><span class='ocrx_word' id='word_1_199' title='bbox 206 3008 282 3054; x_wconf 77' lang='lat' dir='ltr'><strong>calidi</strong></span> <span class='ocrx_word' id='word_1_200' title='bbox 302 3010 350 3054; x_wconf 85' lang='lat' dir='ltr'><strong>RS.</strong></span> <span class='ocrx_word' id='word_1_201' title='bbox 370 3033 403 3043; x_wconf 89' lang='lat'><em>-</em></span> <span class='ocrx_word' id='word_1_202' title='bbox 422 3009 524 3054; x_wconf 80' lang='lat' dir='ltr'><strong>vectidia</strong></span> <span class='ocrx_word' id='word_1_203' title='bbox 546 3012 578 3054; x_wconf 83' lang='lat' dir='ltr'><strong>V.</strong></span> <span class='ocrx_word' id='word_1_204' title='bbox 597 3032 635 3044; x_wconf 92' lang='lat'>—</span> <span class='ocrx_word' id='word_1_205' title='bbox 662 3009 751 3055; x_wconf 63' lang='lat' dir='ltr'><strong>caudis</strong></span> <span class='ocrx_word' id='word_1_206' title='bbox 773 3012 804 3055; x_wconf 84' lang='lat' dir='ltr'><strong>E.</strong></span> <span class='ocrx_word' id='word_1_207' title='bbox 824 3035 857 3045; x_wconf 91' lang='lat'><em>-</em></span> <span class='ocrx_word' id='word_1_208' title='bbox 877 3008 978 3057; x_wconf 78' lang='lat' dir='ltr'><strong>Ventidi</strong></span> <span class='ocrx_word' id='word_1_209' title='bbox 997 3014 1116 3058; x_wconf 84' lang='lat' dir='ltr'><strong>Plautius.</strong></span> <span class='ocrx_word' id='word_1_210' title='bbox 1155 3012 1185 3059; x_wconf 83' lang='lat'><strong>26</strong></span> <span class='ocrx_word' id='word_1_211' title='bbox 1216 3013 1338 3076; x_wconf 74' lang='lat' dir='ltr'><strong>oberret]</strong></span> 
     </span>
     <span class='ocr_line' id='line_1_30' title="bbox 204 3078 1339 3131; baseline 0.006 -8"><span class='ocrx_word' id='word_1_212' title='bbox 204 3080 285 3124; x_wconf 82' lang='lat' dir='ltr'><strong>RVM.</strong></span> <span class='ocrx_word' id='word_1_213' title='bbox 305 3099 338 3113; x_wconf 90' lang='lat'>-</span> <span class='ocrx_word' id='word_1_214' title='bbox 355 3079 457 3124; x_wconf 79' lang='lat' dir='ltr'><strong>oberrat</strong></span> <span class='ocrx_word' id='word_1_215' title='bbox 472 3079 564 3124; x_wconf 77' lang='lat' dir='ltr'><strong>TESA.</strong></span> <span class='ocrx_word' id='word_1_216' title='bbox 602 3078 645 3126; x_wconf 83' lang='lat'><strong>29.</strong></span> <span class='ocrx_word' id='word_1_217' title='bbox 665 3104 698 3114; x_wconf 93' lang='lat'>-</span> <span class='ocrx_word' id='word_1_218' title='bbox 718 3079 816 3125; x_wconf 76' lang='lat' dir='ltr'><strong>Veteris</strong></span> <span class='ocrx_word' id='word_1_219' title='bbox 830 3087 942 3126; x_wconf 66' lang='lat' dir='ltr'><strong>metuens</strong></span> <span class='ocrx_word' id='word_1_220' title='bbox 955 3083 1034 3127; x_wconf 82' lang='lat' dir='ltr'><strong>REM.</strong></span> <span class='ocrx_word' id='word_1_221' title='bbox 1054 3104 1086 3118; x_wconf 88' lang='lat'><strong>·-</strong></span> <span class='ocrx_word' id='word_1_222' title='bbox 1104 3090 1219 3128; x_wconf 69' lang='lat' dir='ltr'><strong>metuent</strong></span> <span class='ocrx_word' id='word_1_223' title='bbox 1239 3088 1339 3131; x_wconf 70' lang='lat' dir='ltr'><strong>ceteris</strong></span> 
     </span>
     <span class='ocr_line' id='line_1_31' title="bbox 205 3146 1341 3208; baseline 0.004 -15"><span class='ocrx_word' id='word_1_224' title='bbox 205 3146 659 3206; x_wconf 75' lang='lat' dir='ltr'><strong>Tu.-0erer(spattum)metmmS.</strong></span> <span class='ocrx_word' id='word_1_225' title='bbox 680 3150 717 3195; x_wconf 91' lang='lat' dir='ltr'><strong>lb.</strong></span> <span class='ocrx_word' id='word_1_226' title='bbox 730 3149 911 3199; x_wconf 81' lang='lat' dir='ltr'><strong>-cradereE.</strong></span> <span class='ocrx_word' id='word_1_227' title='bbox 933 3149 1284 3208; x_wconf 75' lang='lat' dir='ltr'><strong>31.-CepeTRsnn1.1b.</strong></span> <span class='ocrx_word' id='word_1_228' title='bbox 1303 3180 1341 3190; x_wconf 92' lang='lat'><strong>·-</strong></span> 
     </span>
     <span class='ocr_line' id='line_1_32' title="bbox 198 3214 1336 3281; baseline 0.01 -21"><span class='ocrx_word' id='word_1_229' title='bbox 198 3214 333 3274; x_wconf 80' lang='lat' dir='ltr'><strong>farratum</strong></span> <span class='ocrx_word' id='word_1_230' title='bbox 349 3243 361 3276; x_wconf 90' lang='lat'><strong>.·</strong></span> <span class='ocrx_word' id='word_1_231' title='bbox 380 3244 389 3254; x_wconf 91' lang='lat'><em>-</em></span> <span class='ocrx_word' id='word_1_232' title='bbox 408 3219 484 3261; x_wconf 77' lang='lat' dir='ltr'><strong>ollam</strong></span> <span class='ocrx_word' id='word_1_233' title='bbox 510 3218 599 3263; x_wconf 89' lang='lat' dir='ltr'><strong>Omnes</strong></span> <span class='ocrx_word' id='word_1_234' title='bbox 625 3221 682 3264; x_wconf 79' lang='lat' dir='ltr'><strong>inei.</strong></span> <span class='ocrx_word' id='word_1_235' title='bbox 738 3216 780 3264; x_wconf 91' lang='lat'><strong>33.</strong></span> <span class='ocrx_word' id='word_1_236' title='bbox 806 3239 838 3252; x_wconf 83' lang='lat'><strong>-</strong></span> <span class='ocrx_word' id='word_1_237' title='bbox 866 3218 901 3263; x_wconf 84' lang='lat' dir='ltr'><strong>Ac</strong></span> <span class='ocrx_word' id='word_1_238' title='bbox 919 3222 944 3264; x_wconf 84' lang='lat' dir='ltr'><strong>ai</strong></span> <span class='ocrx_word' id='word_1_239' title='bbox 967 3223 997 3266; x_wconf 83' lang='grc' dir='ltr'><strong>Τ.</strong></span> <span class='ocrx_word' id='word_1_240' title='bbox 1053 3219 1095 3267; x_wconf 85' lang='grc'><strong>35.</strong></span> <span class='ocrx_word' id='word_1_241' title='bbox 1116 3243 1149 3257; x_wconf 90' lang='grc'>-</span> <span class='ocrx_word' id='word_1_242' title='bbox 1168 3222 1277 3281; x_wconf 75' lang='lat' dir='ltr'><strong>despuit</strong></span> <span class='ocrx_word' id='word_1_243' title='bbox 1297 3226 1336 3272; x_wconf 85' lang='lat' dir='ltr'><strong>M.</strong></span> 
     </span>
     <span class='ocr_line' id='line_1_33' title="bbox 208 3282 1337 3347; baseline 0.007 -18"><span class='ocrx_word' id='word_1_244' title='bbox 208 3282 249 3333; x_wconf 82' lang='lat'><strong>36.</strong></span> <span class='ocrx_word' id='word_1_245' title='bbox 270 3309 302 3319; x_wconf 95' lang='grc'><strong>-</strong></span> <span class='ocrx_word' id='word_1_246' title='bbox 317 3287 406 3342; x_wconf 86' lang='lat' dir='ltr'><strong>populi</strong></span> <span class='ocrx_word' id='word_1_247' title='bbox 423 3287 452 3330; x_wconf 88' lang='lat' dir='ltr'><strong>E.</strong></span> <span class='ocrx_word' id='word_1_248' title='bbox 475 3284 516 3331; x_wconf 79' lang='lat'><strong>37.</strong></span> <span class='ocrx_word' id='word_1_249' title='bbox 539 3310 568 3320; x_wconf 91' lang='lat'>-</span> <span class='ocrx_word' id='word_1_250' title='bbox 589 3287 660 3331; x_wconf 83' lang='lat' dir='ltr'><strong>Tunc</strong></span> <span class='ocrx_word' id='word_1_251' title='bbox 679 3302 751 3347; x_wconf 85' lang='lat' dir='ltr'><strong>quom</strong></span> <span class='ocrx_word' id='word_1_252' title='bbox 770 3302 841 3333; x_wconf 81' lang='lat' dir='ltr'><strong>mcx.</strong></span> <span class='ocrx_word' id='word_1_253' title='bbox 861 3290 955 3335; x_wconf 84' lang='lat' dir='ltr'><strong>RVSE.</strong></span> <span class='ocrx_word' id='word_1_254' title='bbox 976 3292 1012 3334; x_wconf 91' lang='lat' dir='ltr'><strong>lb.</strong></span> <span class='ocrx_word' id='word_1_255' title='bbox 1030 3314 1062 3323; x_wconf 93' lang='lat'><em>-</em></span> <span class='ocrx_word' id='word_1_256' title='bbox 1076 3292 1160 3347; x_wconf 72' lang='lat' dir='ltr'><strong>pecata</strong></span> <span class='ocrx_word' id='word_1_257' title='bbox 1176 3294 1203 3337; x_wconf 84' lang='lat' dir='ltr'><strong>S.</strong></span> <span class='ocrx_word' id='word_1_258' title='bbox 1239 3290 1285 3338; x_wconf 87' lang='lat'><strong>38.</strong></span> <span class='ocrx_word' id='word_1_259' title='bbox 1303 3318 1337 3328; x_wconf 92' lang='lat'><em>-</em></span> 
     </span>
    </p>
   </div>
   <div class='ocr_carea' id='block_1_5' title="bbox 205 3355 1370 3482">
    <p class='ocr_par' dir='ltr' id='par_1_5' title="bbox 205 3355 1370 3482">
     <span class='ocr_line' id='line_1_34' title="bbox 205 3355 1370 3421; baseline 0.008 -24"><span class='ocrx_word' id='word_1_260' title='bbox 205 3367 310 3412; x_wconf 82' lang='lat' dir='ltr'><strong>quorum</strong></span> <span class='ocrx_word' id='word_1_261' title='bbox 329 3355 359 3398; x_wconf 88' lang='lat' dir='ltr'><strong>R.</strong></span> <span class='ocrx_word' id='word_1_262' title='bbox 373 3368 495 3409; x_wconf 83' lang='lat' dir='ltr'><strong>superscr.</strong></span> <span class='ocrx_word' id='word_1_263' title='bbox 515 3370 603 3414; x_wconf 76' lang='lat' dir='ltr'><strong>quara.</strong></span> <span class='ocrx_word' id='word_1_264' title='bbox 624 3358 659 3404; x_wconf 90' lang='lat' dir='ltr'><strong>lb.</strong></span> <span class='ocrx_word' id='word_1_265' title='bbox 673 3382 706 3392; x_wconf 89' lang='lat'><em>-</em></span> <span class='ocrx_word' id='word_1_266' title='bbox 725 3359 843 3418; x_wconf 83' lang='lat' dir='ltr'><strong>curgulio</strong></span> <span class='ocrx_word' id='word_1_267' title='bbox 853 3359 884 3403; x_wconf 85' lang='lat' dir='ltr'><strong>T.</strong></span> <span class='ocrx_word' id='word_1_268' title='bbox 903 3379 938 3394; x_wconf 93' lang='lat'>-</span> <span class='ocrx_word' id='word_1_269' title='bbox 950 3361 1064 3404; x_wconf 83' lang='lat' dir='ltr'><strong>curculio</strong></span> <span class='ocrx_word' id='word_1_270' title='bbox 1075 3361 1104 3405; x_wconf 82' lang='grc' dir='ltr'><strong>Α.</strong></span> <span class='ocrx_word' id='word_1_271' title='bbox 1123 3383 1152 3392; x_wconf 95' lang='lat'>-</span> <span class='ocrx_word' id='word_1_272' title='bbox 1163 3363 1284 3421; x_wconf 71' lang='lat' dir='ltr'><strong>geri-ilic</strong></span> <span class='ocrx_word' id='word_1_273' title='bbox 1304 3364 1335 3406; x_wconf 84' lang='lat' dir='ltr'><strong>lt.</strong></span> <span class='ocrx_word' id='word_1_274' title='bbox 1369 3362 1370 3375; x_wconf 65' lang='lat'>¹</span> 
     </span>
     <span class='ocr_line' id='line_1_35' title="bbox 206 3420 521 3482; baseline 0.006 -16"><span class='ocrx_word' id='word_1_275' title='bbox 206 3420 248 3469; x_wconf 72' lang='lat'><strong>40.</strong></span> <span class='ocrx_word' id='word_1_276' title='bbox 269 3446 301 3456; x_wconf 94' lang='lat'><em>-</em></span> <span class='ocrx_word' id='word_1_277' title='bbox 320 3420 475 3482; x_wconf 73' lang='lat' dir='ltr'><strong>labefaciunt</strong></span> <span class='ocrx_word' id='word_1_278' title='bbox 493 3424 521 3469; x_wconf 84' lang='grc' dir='ltr'><strong>Α.</strong></span> 
     </span>
    </p>
   </div>
   <div class='ocr_carea' id='block_1_6' title="bbox 202 3534 352 3546">
    <p class='ocr_par' dir='ltr' id='par_1_6' title="bbox 202 3534 352 3546">
     <span class='ocr_line' id='line_1_36' title="bbox 202 3534 352 3546; baseline 0.007 -1"><span class='ocrx_word' id='word_1_279' title='bbox 202 3534 352 3546; x_wconf 74' lang='lat'><strong>——-</strong></span> 
     </span>
    </p>
   </div>
   <div class='ocr_carea' id='block_1_7' title="bbox 202 3601 1337 3724">
    <p class='ocr_par' dir='ltr' id='par_1_7' title="bbox 202 3601 1337 3724">
     <span class='ocr_line' id='line_1_37' title="bbox 272 3601 1337 3668; baseline 0.012 -24"><span class='ocrx_word' id='word_1_280' title='bbox 272 3601 314 3646; x_wconf 88' lang='lat'><strong>21.</strong></span> <span class='ocrx_word' id='word_1_281' title='bbox 333 3603 461 3658; x_wconf 78' lang='lat' dir='ltr'><strong>pannucia</strong></span> <span class='ocrx_word' id='word_1_282' title='bbox 477 3604 577 3659; x_wconf 84' lang='lat' dir='ltr'><strong>pwPW.</strong></span> <span class='ocrx_word' id='word_1_283' title='bbox 626 3602 669 3649; x_wconf 89' lang='lat'><strong>22.</strong></span> <span class='ocrx_word' id='word_1_284' title='bbox 689 3607 772 3651; x_wconf 78' lang='lat' dir='ltr'><strong>ocimu</strong></span> <span class='ocrx_word' id='word_1_285' title='bbox 790 3609 849 3662; x_wconf 84' lang='lat' dir='ltr'><strong>er.</strong></span> <span class='ocrx_word' id='word_1_286' title='bbox 888 3606 930 3663; x_wconf 75' lang='lat'><strong>29.</strong></span> <span class='ocrx_word' id='word_1_287' title='bbox 950 3610 1041 3654; x_wconf 70' lang='lat' dir='ltr'><strong>veterio</strong></span> <span class='ocrx_word' id='word_1_288' title='bbox 1059 3610 1089 3652; x_wconf 89' lang='lat' dir='ltr'><strong>P.</strong></span> <span class='ocrx_word' id='word_1_289' title='bbox 1140 3606 1184 3654; x_wconf 79' lang='lat'><strong>37.</strong></span> <span class='ocrx_word' id='word_1_290' title='bbox 1204 3624 1288 3668; x_wconf 74' lang='lat' dir='ltr'><strong>quattu</strong></span> <span class='ocrx_word' id='word_1_291' title='bbox 1309 3613 1337 3656; x_wconf 70' lang='grc' dir='ltr'><strong>ἐκ</strong></span> 
     </span>
     <span class='ocr_line' id='line_1_38' title="bbox 202 3671 363 3724; baseline 0.012 -13"><span class='ocrx_word' id='word_1_292' title='bbox 202 3671 320 3715; x_wconf 74' lang='lat' dir='ltr'><strong>maxillis</strong></span> <span class='ocrx_word' id='word_1_293' title='bbox 339 3684 363 3724; x_wconf 84' lang='lat' dir='ltr'><strong>p.</strong></span> 
     </span>
    </p>
   </div>
   <div class='ocr_carea' id='block_1_8' title="bbox 199 3824 1337 4172">
    <p class='ocr_par' dir='ltr' id='par_1_8' title="bbox 199 3824 1337 4172">
     <span class='ocr_line' id='line_1_39' title="bbox 272 3824 1335 3899; baseline 0.013 -27"><span class='ocrx_word' id='word_1_294' title='bbox 272 3827 314 3874; x_wconf 80' lang='lat'><strong>26.</strong></span> <span class='ocrx_word' id='word_1_295' title='bbox 334 3828 458 3890; x_wconf 76' lang='lat' dir='ltr'><strong>(inanium</strong></span> <span class='ocrx_word' id='word_1_296' title='bbox 476 3845 525 3878; x_wconf 82' lang='lat' dir='ltr'><strong>non</strong></span> <span class='ocrx_word' id='word_1_297' title='bbox 543 3836 633 3878; x_wconf 67' lang='lat' dir='ltr'><strong>initiae</strong></span> <span class='ocrx_word' id='word_1_298' title='bbox 651 3834 759 3896; x_wconf 77' lang='lat' dir='ltr'><strong>oberret]</strong></span> <span class='ocrx_word' id='word_1_299' title='bbox 779 3839 912 3882; x_wconf 79' lang='lat' dir='ltr'><strong>Secundum</strong></span> <span class='ocrx_word' id='word_1_300' title='bbox 927 3824 1095 3894; x_wconf 76' lang='lat' dir='ltr'><strong>proverbium,</strong></span> <span class='ocrx_word' id='word_1_301' title='bbox 1117 3837 1249 3899; x_wconf 77' lang='lat' dir='ltr'><strong>Quantum</strong></span> <span class='ocrx_word' id='word_1_302' title='bbox 1268 3843 1335 3886; x_wconf 82' lang='lat' dir='ltr'><strong>mil·</strong></span> 
     </span>
     <span class='ocr_line' id='line_1_40' title="bbox 200 3897 1332 3967; baseline 0.011 -24"><span class='ocrx_word' id='word_1_303' title='bbox 200 3900 225 3943; x_wconf 83' lang='lat' dir='ltr'><strong>vi</strong></span> <span class='ocrx_word' id='word_1_304' title='bbox 244 3900 336 3943; x_wconf 82' lang='lat' dir='ltr'><strong>volant.</strong></span> <span class='ocrx_word' id='word_1_305' title='bbox 374 3897 415 3944; x_wconf 83' lang='lat'><strong>28.</strong></span> <span class='ocrx_word' id='word_1_306' title='bbox 437 3898 547 3961; x_wconf 77' lang='lat' dir='ltr'><strong>Compita</strong></span> <span class='ocrx_word' id='word_1_307' title='bbox 570 3908 624 3947; x_wconf 77' lang='lat' dir='ltr'><strong>sunit</strong></span> <span class='ocrx_word' id='word_1_308' title='bbox 643 3906 694 3948; x_wconf 85' lang='lat' dir='ltr'><strong>loca</strong></span> <span class='ocrx_word' id='word_1_309' title='bbox 714 3907 738 3950; x_wconf 91' lang='lat' dir='ltr'><strong>in</strong></span> <span class='ocrx_word' id='word_1_310' title='bbox 758 3908 908 3967; x_wconf 83' lang='lat' dir='ltr'><strong>quadriviis,</strong></span> <span class='ocrx_word' id='word_1_311' title='bbox 927 3908 995 3964; x_wconf 89' lang='lat' dir='ltr'><strong>qnasi</strong></span> <span class='ocrx_word' id='word_1_312' title='bbox 1016 3913 1109 3961; x_wconf 86' lang='lat' dir='ltr'><strong>turres,</strong></span> <span class='ocrx_word' id='word_1_313' title='bbox 1132 3907 1172 3951; x_wconf 88' lang='lat' dir='ltr'><strong>ubi</strong></span> <span class='ocrx_word' id='word_1_314' title='bbox 1193 3908 1332 3965; x_wconf 80' lang='lat' dir='ltr'><strong>sacrificia,</strong></span> 
     </span>
     <span class='ocr_line' id='line_1_41' title="bbox 199 3968 1337 4036; baseline 0.011 -24"><span class='ocrx_word' id='word_1_315' title='bbox 199 3968 266 4013; x_wconf 85' lang='lat' dir='ltr'><strong>finita</strong></span> <span class='ocrx_word' id='word_1_316' title='bbox 283 3971 445 4027; x_wconf 80' lang='lat' dir='ltr'><strong>agricultura,</strong></span> <span class='ocrx_word' id='word_1_317' title='bbox 465 3972 549 4017; x_wconf 82' lang='lat' dir='ltr'><strong>rustici</strong></span> <span class='ocrx_word' id='word_1_318' title='bbox 569 3973 730 4019; x_wconf 84' lang='lat' dir='ltr'><strong>celebrabant.</strong></span> <span class='ocrx_word' id='word_1_319' title='bbox 768 3978 857 4022; x_wconf 81' lang='lat' dir='ltr'><strong>Marito</strong></span> <span class='ocrx_word' id='word_1_320' title='bbox 875 3983 995 4032; x_wconf 79' lang='lat' dir='ltr'><strong>pertuso,</strong></span> <span class='ocrx_word' id='word_1_321' title='bbox 1016 3977 1071 4033; x_wconf 86' lang='lat' dir='ltr'><strong>quia</strong></span> <span class='ocrx_word' id='word_1_322' title='bbox 1094 3990 1138 4031; x_wconf 85' lang='lat' dir='ltr'><strong>per</strong></span> <span class='ocrx_word' id='word_1_323' title='bbox 1157 3991 1247 4023; x_wconf 82' lang='lat' dir='ltr'><strong>omnes</strong></span> <span class='ocrx_word' id='word_1_324' title='bbox 1265 3987 1337 4036; x_wconf 83' lang='lat' dir='ltr'><strong>qnat-</strong></span> 
     </span>
     <span class='ocr_line' id='line_1_42' title="bbox 199 4041 1335 4109; baseline 0.013 -30"><span class='ocrx_word' id='word_1_325' title='bbox 199 4044 255 4081; x_wconf 89' lang='lat' dir='ltr'><strong>tuor</strong></span> <span class='ocrx_word' id='word_1_326' title='bbox 272 4045 353 4092; x_wconf 86' lang='lat' dir='ltr'><strong>partes</strong></span> <span class='ocrx_word' id='word_1_327' title='bbox 376 4045 484 4093; x_wconf 84' lang='lat' dir='ltr'><strong>pateant,</strong></span> <span class='ocrx_word' id='word_1_328' title='bbox 504 4041 541 4083; x_wconf 81' lang='lat' dir='ltr'><strong>vel</strong></span> <span class='ocrx_word' id='word_1_329' title='bbox 560 4045 664 4083; x_wconf 82' lang='lat' dir='ltr'><strong>vetusta.</strong></span> <span class='ocrx_word' id='word_1_330' title='bbox 701 4045 765 4099; x_wconf 86' lang='lat' dir='ltr'><strong>Vel,</strong></span> <span class='ocrx_word' id='word_1_331' title='bbox 785 4047 890 4100; x_wconf 80' lang='lat' dir='ltr'><strong>compita</strong></span> <span class='ocrx_word' id='word_1_332' title='bbox 907 4060 955 4090; x_wconf 90' lang='lat' dir='ltr'><strong>uon</strong></span> <span class='ocrx_word' id='word_1_333' title='bbox 972 4047 1051 4090; x_wconf 87' lang='lat' dir='ltr'><strong>solnm</strong></span> <span class='ocrx_word' id='word_1_334' title='bbox 1070 4047 1166 4089; x_wconf 88' lang='lat' dir='ltr'><strong>suntin</strong></span> <span class='ocrx_word' id='word_1_335' title='bbox 1190 4047 1255 4092; x_wconf 83' lang='lat' dir='ltr'><strong>urbe</strong></span> <span class='ocrx_word' id='word_1_336' title='bbox 1269 4050 1335 4109; x_wconf 79' lang='lat' dir='ltr'><strong>loca,</strong></span> 
     </span>
     <span class='ocr_line' id='line_1_43' title="bbox 199 4107 1336 4172; baseline 0.012 -24"><span class='ocrx_word' id='word_1_337' title='bbox 199 4107 241 4149; x_wconf 85' lang='lat' dir='ltr'><strong>ssd</strong></span> <span class='ocrx_word' id='word_1_338' title='bbox 259 4107 331 4149; x_wconf 85' lang='lat' dir='ltr'><strong>etiam</strong></span> <span class='ocrx_word' id='word_1_339' title='bbox 350 4107 403 4150; x_wconf 81' lang='lat' dir='ltr'><strong>vias</strong></span> <span class='ocrx_word' id='word_1_340' title='bbox 423 4107 530 4160; x_wconf 78' lang='lat' dir='ltr'><strong>prrbttcae</strong></span> <span class='ocrx_word' id='word_1_341' title='bbox 549 4121 576 4148; x_wconf 88' lang='lat' dir='ltr'><strong>ac</strong></span> <span class='ocrx_word' id='word_1_342' title='bbox 595 4107 734 4154; x_wconf 82' lang='lat' dir='ltr'><strong>diverticula</strong></span> <span class='ocrx_word' id='word_1_343' title='bbox 751 4114 888 4172; x_wconf 87' lang='lat' dir='ltr'><strong>aliquorum</strong></span> <span class='ocrx_word' id='word_1_344' title='bbox 909 4113 1053 4169; x_wconf 85' lang='lat' dir='ltr'><strong>confinium,</strong></span> <span class='ocrx_word' id='word_1_345' title='bbox 1074 4115 1114 4159; x_wconf 87' lang='lat' dir='ltr'><strong>ubi</strong></span> <span class='ocrx_word' id='word_1_346' title='bbox 1132 4116 1261 4161; x_wconf 81' lang='lat' dir='ltr'><strong>aediculae</strong></span> <span class='ocrx_word' id='word_1_347' title='bbox 1275 4134 1336 4163; x_wconf 85' lang='lat' dir='ltr'><strong>eon-</strong></span> 
     </span>
    </p>
   </div>
   <div class='ocr_carea' id='block_1_9' title="bbox 200 4174 1337 4294">
    <p class='ocr_par' dir='ltr' id='par_1_9' title="bbox 200 4174 1337 4294">
     <span class='ocr_line' id='line_1_44' title="bbox 200 4174 1337 4241; baseline 0.015 -26"><span class='ocrx_word' id='word_1_348' title='bbox 200 4178 323 4216; x_wconf 83' lang='lat' dir='ltr'><strong>secrantnr</strong></span> <span class='ocrx_word' id='word_1_349' title='bbox 346 4179 464 4229; x_wconf 78' lang='lat' dir='ltr'><strong>patentes.</strong></span> <span class='ocrx_word' id='word_1_350' title='bbox 513 4175 540 4215; x_wconf 90' lang='lat' dir='ltr'><strong>ln</strong></span> <span class='ocrx_word' id='word_1_351' title='bbox 570 4174 605 4215; x_wconf 83' lang='lat' dir='ltr'><strong>his</strong></span> <span class='ocrx_word' id='word_1_352' title='bbox 628 4174 682 4231; x_wconf 76' lang='lat' dir='ltr'><strong>iuga</strong></span> <span class='ocrx_word' id='word_1_353' title='bbox 702 4178 777 4224; x_wconf 82' lang='lat' dir='ltr'><strong>fracta</strong></span> <span class='ocrx_word' id='word_1_354' title='bbox 808 4184 838 4226; x_wconf 80' lang='lat' dir='ltr'><strong>ab</strong></span> <span class='ocrx_word' id='word_1_355' title='bbox 864 4184 977 4241; x_wconf 79' lang='lat' dir='ltr'><strong>agricolis</strong></span> <span class='ocrx_word' id='word_1_356' title='bbox 1008 4190 1149 4240; x_wconf 89' lang='lat' dir='ltr'><strong>ponuntur,</strong></span> <span class='ocrx_word' id='word_1_357' title='bbox 1184 4188 1287 4232; x_wconf 85' lang='lat' dir='ltr'><strong>emeriti</strong></span> <span class='ocrx_word' id='word_1_358' title='bbox 1314 4196 1337 4232; x_wconf 77' lang='lat' dir='ltr'><strong>et</strong></span> 
     </span>
     <span class='ocr_line' id='line_1_45' title="bbox 203 4238 558 4294; baseline 0.006 -13"><span class='ocrx_word' id='word_1_359' title='bbox 203 4238 319 4284; x_wconf 82' lang='lat' dir='ltr'><strong>elaborati</strong></span> <span class='ocrx_word' id='word_1_360' title='bbox 337 4242 417 4294; x_wconf 86' lang='lat' dir='ltr'><strong>operis</strong></span> <span class='ocrx_word' id='word_1_361' title='bbox 436 4240 558 4283; x_wconf 88' lang='lat' dir='ltr'><strong>indicium.</strong></span> 
     </span>
    </p>
   </div>
   <div class='ocr_carea' id='block_1_10' title="bbox 0 0 1380 4742">
    <p class='ocr_par' dir='ltr' id='par_1_10' title="bbox 0 0 1380 4742">
     <span class='ocr_line' id='line_1_46' title="bbox 0 0 1380 4742; baseline 0 0"><span class='ocrx_word' id='word_1_362' title='bbox 0 0 1380 4742; x_wconf 95' lang='lat' dir='ltr'><strong> </strong></span> 
     </span>
    </p>
   </div>
  </div>
 </body>
</html>
