2750 4744
221 168 282 230 168
343 199 351 205 ¹

281 327 348 390 Vel
368 336 424 389 tna
444 326 473 389 ai
493 347 610 393 eocero
632 330 718 393 colla
739 335 871 397 daturne
892 356 979 400 erar.

218 426 349 491 Scilicet
369 426 484 490 incerti
504 429 657 492 meretrix
677 432 791 515 regina
813 433 965 517 Canopi,

280 528 352 590 Una
375 527 548 611 Philippeo
570 530 725 614 sanguine
746 537 857 597 adusta
878 548 976 614 nota,

214 628 307 691 Ausa
327 628 404 690 Iovi
423 640 540 692 nostro
562 631 728 693 latrantem
751 654 919 715 opponere
941 640 1083 704 Anubim

280 729 327 789 Et
349 726 494 790 Tiberim
516 729 584 791 Nili
604 750 727 813 cogere
747 733 836 797 ferre
857 737 957 801 minas

216 826 458 909 Romanamque
479 831 586 890 tubam
608 830 778 911 crepitanti
799 836 921 913 pellere
941 841 1043 914 sistro
1050 884 1062 915 ,

279 927 420 989 Baridos
444 939 475 989 et
496 932 600 992 contis
621 942 730 994 rostra
751 933 899 998 Liburna
915 939 1007 1020 sequi
1047 1000 1051 1003 ,

216 1027 393 1109 Foedaque
415 1028 560 1109 Tarpeio
583 1031 721 1111 conopia
742 1036 872 1096 tendere
893 1059 993 1114 naxo,

280 1128 359 1189 Iura
381 1129 456 1189 dare
479 1139 510 1189 et
531 1139 651 1191 statuae
673 1130 756 1192 iuter
778 1144 811 1195 et
830 1156 920 1201 arma
941 1141 1044 1204 Mari.

217 1225 303 1306 Quid
325 1248 410 1289 nunc
431 1229 601 1310 Tarquinii
621 1230 740 1293 [ractae
760 1232 851 1297 iurat
872 1259 941 1303 eece
962 1262 1115 1319 secures,

281 1326 420 1390 Nomine
442 1349 536 1411 quem
559 1329 653 1392 simili
675 1330 742 1393 vita
762 1340 902 1415 superba
923 1353 1035 1419 notat,

218 1425 254 1488 si
274 1426 388 1489 mulier
410 1429 556 1509 patienda
576 1430 662 1494 fuit?
684 1432 796 1515 Cape,
822 1441 945 1517 Roma,
970 1443 1168 1527 triumphum

279 1527 325 1587 Et
345 1527 475 1609 longam
495 1531 646 1617 Augusto
669 1533 758 1597 salva
782 1558 919 1616 precare
942 1536 1052 1606 diem(
1293 1552 1330 1613 50

216 1624 344 1707 Fugiat
366 1636 472 1690 tamen
494 1629 526 1690 in
548 1630 649 1693 timidi
671 1637 905 1712 vagaflumina
928 1642 1037 1716 Nili5·
1252 1648 1255 1653 ’

279 1725 448 1806 Accepere
470 1740 542 1791 tuae
565 1733 704 1795 Romula
727 1735 831 1799 vincla
854 1761 975 1806 manne.

216 1824 357 1886 Brachia
378 1829 522 1905 spectavi
545 1831 642 1892 sacris
665 1836 812 1898 admorsa
834 1841 980 1906 colubria

278 1925 324 1987 Et
345 1926 473 1987 trahere
495 1930 659 1992 occuitum
682 1937 823 1998 membra
845 1943 975 2021 coporis
996 1946 1074 2011 iter.
1136 1936 1145 1945 ’

215 2023 317 2094 ,Nou
339 2024 420 2100 hoc,
446 2026 573 2103 Roma,
596 2029 645 2093 fui
665 2042 755 2098 tanto
778 2037 837 2100 tihi
858 2042 928 2104 cive
951 2052 1109 2126 verenda,
1125 2054 1147 2079 ”
1293 2058 1330 2119 55

277 2123 390 2200 Dixit,
415 2138 471 2197 „et
493 2130 618 2193 assiduo
641 2132 747 2216 lingua
770 2134 898 2221 sepulta¹
917 2149 1045 2210 mero.’'

217 2222 346 2303 Septem
369 2227 445 2287 urbs
468 2227 532 2289 alta
553 2228 656 2313 iugis,
681 2244 752 2298 toto
775 2260 856 2321 quae
876 2246 1040 2325 praesidet
1060 2253 1152 2328 orhi,

286 2399 329 2447 36.
339 2400 443 2464 Magne,
451 2413 535 2452 notum
543 2408 630 2464 Gnyet.
645 2410 695 2459 floe
704 2430 775 2461 verro
786 2420 809 2463 in
822 2425 958 2476 parenthesi
970 2431 1050 2482 posito
1061 2445 1109 2475 non
1117 2435 1221 2492 ingrate,
1235 2439 1283 2481 etri
1292 2453 1329 2482 ne·

214 2469 342 2527 ‘ligentiua
366 2482 391 2515 v.
416 2470 460 2518 37,
486 2483 542 2530 pout
563 2480 667 2524 nomam
683 2497 711 2528 ac
725 2486 857 2542 Memphim
875 2492 1019 2549 Pompeium
1036 2501 1176 2557 alloquitur.
1225 2505 1329 2561 Quodsi

215 2541 297 2580 antem
315 2550 338 2580 r.
360 2534 403 2583 36.
423 2546 540 2587 sententia
562 2547 597 2590 ita
615 2548 756 2598 definiatur:
776 2558 847 2601 nullo
870 2565 979 2618 tempore
998 2579 1048 2610 aon
1070 2569 1206 2628 indignum
1223 2576 1276 2617 erit
1290 2587 1329 2618 uo·

214 2603 282 2647 mine
304 2602 430 2662 Romano,
459 2623 585 2657 nummum
606 2613 775 2665 Romanorum
799 2624 885 2669 ducem
907 2635 977 2674 tantu
995 2647 1051 2676 cum
1065 2636 1179 2699 perfidio
1197 2640 1229 2682 oh
1246 2641 1328 2701 Aegy·

210 2672 276 2727 ptiia
290 2672 464 2728 proditoribus
483 2681 595 2725 oeciaum
613 2697 687 2740 ecee,
713 2702 757 2734 nec
771 2698 902 2747 propterea
919 2702 954 2741 de
968 2701 1068 2745 dimissa
1086 2707 1176 2751 ultione
1196 2711 1329 2766 cogitetur,

213 2739 277 2782 hand
295 2740 380 2796 video,
412 2745 467 2800 quid
485 2748 625 2794 offensionis
652 2754 747 2800 haheat.
785 2761 821 2803 lh.
840 2760 978 2824 Phlegraei
994 2772 1079 2826 compi
1103 2788 1118 2816 a
1144 2775 1287 2831 quibusdum
1308 2780 1328 2820 in

213 2806 349 2862 Thessalia,
361 2810 401 2854 niti
409 2812 556 2870 rimatus,
571 2819 601 2860 ah
611 2820 664 2865 aliis
674 2823 698 2887 in
711 2825 862 2883 Macedonia,
873 2846 887 2874 a
894 2835 1013 2889 plurimis,
1024 2843 1050 2881 nt
1062 2841 1155 2895 abipso
1168 2858 1262 2901 quoqne
1273 2846 1330 2888 Pro·

213 2876 295 2929 partio
314 2875 345 2930 1,
364 2875 415 2932 20,
437 2878 477 2934 9.‚
502 2883 527 2926 ia
551 2885 682 2941 Campania
703 2892 769 2937 iuxta
793 2897 881 2943 Cumas
899 2908 1029 2954 ponuntur.
1085 2905 1128 2952 ii).
1148 2912 1290 2967 Sententia,
1307 2915 1328 2956 ni

213 2943 300 2996 latior,
321 2944 377 2988 haec
396 2950 449 2991 eet:
470 2946 620 3007 Cleopatra,
641 2959 716 3001 unico
733 2969 810 3018 notu,
827 2981 889 3024 quoe
898 2983 947 3027 per
965 2975 1119 3032 sanguinem
1135 2976 1294 3037 Philippeum
1310 2983 1327 3024 i.

213 3025 236 3054 e.
256 3024 273 3052 u
295 3014 409 3067 porterie
427 3012 539 3075 Philippi
555 3020 628 3065 nohie
645 3023 783 3081 Romania,
814 3034 825 3075 l

825 3036 902 3079 eriler
928 3044 1029 3095 tumen,
1058 3045 1145 3088 inuria
1169 3049 1218 3102 eit,
1246 3049 1285 3091 itu
1306 3054 1330 3091 ul

210 3076 322 3138 Augusti
338 3080 458 3127 uictoriae
477 3086 554 3129 iatum
571 3093 698 3136 maculam
715 3100 791 3154 qunti
807 3101 858 3145 ium
876 3104 1019 3153 deleverint.
1058 3112 1119 3156 iilud
1138 3115 1203 3158 enim
1222 3117 1270 3159 sihi
1284 3118 1329 3160 ruit

210 3145 318 3203 eductu,
347 3162 400 3195 voc.

414 3150 490 3211 ¹longe
511 3156 602 3210 levius,
633 3162 734 3220 ideoque
750 3166 775 3210 h.
795 3169 813 3211 l.
830 3173 925 3226 aptius,
957 3190 1028 3231 quarn
1049 3180 1154 3234 inusto,
1175 3186 1239 3239 quod
1256 3185 1328 3230 Codd.

210 3216 308 3259 lectioni
338 3218 512 3264 substituerunt
538 3224 591 3269 inde
616 3241 629 3270 a
654 3231 778 3296 Scaligero
791 3266 798 3289 ,
831 3252 878 3282 nno
905 3241 1004 3288 Lachm.
1027 3242 1062 3290 'ad
1081 3263 1177 3293 =·veru1n
1206 3253 1327 3297 redeunte

205 3282 326 3352 ¹Reliquos
345 3286 456 3331 videlicet
475 3290 579 3346 Philippi
597 3302 709 3348 posteros
726 3315 754 3346 ac
772 3317 941 3363 successoren,
971 3312 1108 3370 Philippum
1130 3319 1193 3372 lll.,
1219 3319 1328 3374 Persen,

186 4122 206 4244 ‘t

211 3353 258 3393 cet.
278 3351 415 3395 devicerant
431 3355 559 3415 Romanu,
576 3375 623 3405 una
644 3366 774 3423 Cleopatra
791 3378 910 3419 terrorem
932 3378 961 3421 iia
983 3382 1128 3438 incurrerat.

211 3420 292 3487 antem
313 3418 387 3476 Lagi,
414 3421 499 3468 Curtio
521 3431 596 3482 teste,
619 3427 648 3485 9,
669 3432 702 3490 8,
731 3435 773 3482 22.
794 3444 902 3487 nonnulli
923 3460 937 3488 a
951 3447 1063 3504 Phiiippo
1081 3454 1190 3510 genitum
1209 3470 1265 3500 esee
1282 3471 1328 3505 ere·

211 3483 307 3528 dehent.
344 3487 425 3542 Hinc,
451 3493 552 3549 opinor,
573 3499 724 3547 inanilestutn
740 3505 795 3561 fiet,
815 3523 899 3565 parurn
922 3515 1079 3567 probabiliter
1098 3536 1113 3565 a
1134 3523 1293 3568 Lachmanuo
1307 3527 1328 3568 iu

209 3552 256 3597 Ed.
278 3567 332 3608 pr.,
352 3558 396 3600 etsi
418 3561 543 3612 plaudente
568 3563 675 3613 Censor-e
700 3573 768 3627 lem,
790 3581 951 3634 transpositos
978 3584 1053 3630 iturae
1071 3602 1095 3631 r.
1129 3587 1171 3635 36.
1193 3598 1218 3635 et
1237 3591 1282 3638 io.
1300 3596 1328 3636 itu

210 3622 344 3674 scripturn:
376 3623 430 3668 Una
456 3626 586 3689 Philippeo
614 3641 741 3696 sunguine
767 3643 859 3689 uduetc
884 3644 944 3691 ποτά
966 3652 988 3695 i.
1005 3667 1028 3697 e.
1053 3670 1144 3708 ,onata
1163 3659 1328 3718 Aegyptum·

209 3688 325 3743 progenie
345 3686 403 3738 τῶν
420 3690 566 3765 διαδόχων
584 3707 664 3747 notam
681 3713 705 3751 et
726 3711 881 3767 ignominiam
898 3720 1001 3763 traxisse
1021 3723 1078 3767 dicit
1088 3756 1095 3778 ,
1127 3740 1202 3783 quum
1219 3731 1293 3782 Syria
1309 3735 1329 3772 et

210 3756 353 3798 Macedonia
374 3757 443 3804 bonis
458 3765 556 3821 regibus
580 3769 686 3829 insignes
704 3776 821 3824 fuerint.''
854 3784 902 3827 Sed
923 3787 1032 3840 quisnam
1050 3791 1218 3838 Romanorum
1239 3798 1328 3851 Philip·

210 3835 255 3878 poe
271 3821 326 3864 illos
345 3829 414 3880 atque
433 3833 562 3878 Antiochou
580 3838 642 3882 inter
661 3845 737 3887 honor
755 3861 825 3905 reges
850 3864 953 3907 unquam
969 3857 1073 3901 retulit?
1108 3861 1129 3904 E
1149 3861 1212 3907 Cio.
1237 3867 1328 3917 edidit:

211 3888 349 3947 sanguini,
370 3897 454 3952 nisit,
475 3904 622 3952 „inanimum
635 3912 792 3964 opprobrium
805 3918 888 3972 stirpis
905 3921 1073 3978 Philippeae.''
1108 3930 1160 3973 Cir.
1180 3931 1277 3978 Lucan.
1293 3932 1329 3984 10,

211 3955 254 4002 59,
275 3954 391 4005 Dedecus
407 3963 541 4024 Aegypto,
561 3969 634 4016 Latio
644 3973 744 4030 feralia
762 3981 879 4043 Erinnya
895 3985 1007 4035 &muno
1024 4007 1073 4037 nen
1091 4002 1164 4040 coetu
1182 4001 1281 4044 mule·
1292 4027 1329 4038 --

212 4022 317 4068 Terruit
342 4027 389 4072 illo
406 4043 467 4083 ruo,
497 4035 522 4076 ei
537 4031 599 4090 sue,
628 4037 750 4097 Capitolia
769 4051 847 4095 eielro
876 4052 908 4097 Et
925 4055 1038 4103 Romanu
1051 4064 1116 4118 petit
1139 4065 1239 4110 imbelli
1257 4070 1331 4127 cigno

210 4084 318 4146 Canopo.
379 4093 422 4141 tl.
451 4097 576 4156 Tarquini
603 4106 652 4150 lac.
686 4124 699 4155 e
725 4112 785 4158 cdd.
840 4117 881 4168 55.
901 4123 982 4168 Porcii
1003 4128 1059 4173 leci.
1079 4145 1140 4176 uunc
1165 4134 1218 4178 iac.
1241 4142 1268 4180 et
1286 4135 1329 4179 112·

211 4158 303 4211 recepi.
340 4161 471 4231 ,Loquens
493 4165 538 4209 hoc
556 4169 657 4215 disticho
678 4177 795 4225 inducitur
814 4185 961 4243 Cleopatra:
993 4195 1130 4245 lioctento
1144 4202 1195 4246 cire
1217 4217 1267 4250 non
1290 4217 1331 4262 ego

1164 3386 1329 3433 Ptolemaeum
