2750 4744
21 296 22 299 ¹
109 304 281 370 Femineas
302 300 539 380 timuitssterrita
564 302 673 364 Marte
697 300 810 363 minas!

44 406 266 471 ”Hannibalis
288 404 391 486 spolia
415 414 446 469 et
468 402 545 465 victi
569 412 769 466 monumenta
793 400 949 482 Syphacis

107 511 156 573 Et
178 507 299 586 Pyrrhi
321 509 513 568 adnostros
536 502 642 585 gloria
665 503 767 565 fracta
789 504 911 584 pedes:

42 610 179 675 Curtius
202 607 337 690 expletis
359 606 468 689 statuit
490 615 691 669 monumenta
714 602 858 677 lacunis;

104 715 156 775 At
176 709 296 773 Decius
318 707 416 770 misso
437 705 564 786 proelia
587 706 675 786 rupit
698 693 815 788 equo.

43 809 186 876 Coclitis
210 807 370 875 abscissos
393 804 659 869 testatursemita
683 817 819 886 pontes;

106 913 195 983 Est,
221 910 274 975 cui
294 927 474 991 cognomen
497 926 617 969 corvus
640 907 759 969 hahere
782 906 879 969 dedit.

44 1013 140 1074 Haec
164 1011 194 1072 di
218 1009 447 1083 condiderunt,
472 1008 551 1070 haec
574 1006 606 1069 di
629 1029 758 1091 quoque
782 1007 907 1072 moenia
930 1020 1080 1083 servant3
1132 1012 1172 1073 65

108 1112 180 1174 Vix
203 1112 330 1184 timeat,
352 1111 443 1173 salvo
468 1108 626 1184 Caesare,
652 1110 756 1172 Roma
780 1109 907 1172 Iovem.

44 1214 146 1275 Nune
169 1211 223 1285 ubi
247 1208 416 1291 Scipiadae·
436 1208 576 1272 classes?
598 1209 653 1271 uhi
675 1209 766 1293 signa
789 1208 943 1273 Camilli?

112 1314 186 1375 Ant
208 1313 305 1374 modo
328 1310 484 1391 Pompeia
507 1312 658 1391 Bospore
682 1322 772 1392 capta
796 1310 912 1373 rnanu?

45 1413 232 1477 Leucadius
256 1433 367 1474 versas
390 1411 472 1473 acies
496 1411 685 1475 memorabit
706 1413 845 1493 Apollo.

111 1501 254 1576 'santum
277 1512 386 1593 operis
407 1512 483 1574 belli
505 1512 635 1577 suintulit
657 1533 719 1575 una
742 1512 834 1579 dies..

45 1618 92 1678 At
117 1624 173 1689 tu,
199 1614 267 1676 sive
289 1623 379 1694 petes
402 1625 517 1693 portus
539 1612 766 1690 sen,-navita,
792 1614 931 1698 linques,

112 1714 267 1779 Caesaris
290 1712 321 1776 in
344 1725 415 1778 toto
437 1712 482 1775 sis
505 1713 755 1779 memorlouio.

222 1957 301 2016 Lrn.
324 1954 388 2019 Ill.
431 1903 609 2019 ELEGIA
631 1955 752 2016 XVII.
785 1955 863 2031 (IV.
888 1956 1023 2031 XVI.)¹

47 2100 165 2197 Nunc,
192 2142 211 2184 o
236 2122 384 2196 Bacche,
410 2119 470 2181 tuis
494 2118 627 2184 humiles
650 2119 852 2184 advolvimur
875 2119 958 2182 aris:

112 2223 168 2286 Da
192 2220 268 2285 mihi
289 2232 403 2302 pacato
428 2221 496 2284 vela
520 2224 677 2295 secunda,
701 2231 805 2301 pater.

1193 2365 1210 2387 ΙΙ

48 2403 109 2456 Iibl,
140 2399 233 2455 uonna,
263 2402 366 2445 timenda
385 2402 434 2455 fui,
467 2416 510 2446 uec
529 2402 647 2445 Antonius
668 2402 799 2445 vinolentia
822 2402 953 2446 delirans.''
977 2402 1076 2448 taeob.-
1105 2405 1178 2449 Prius
1203 2414 1211 2467 5

48 2471 105 2514 scil.
128 2475 261 2523 corrupte:
281 2468 337 2514 Non
356 2467 426 2523 haec,
446 2468 538 2523 Rome,
552 2467 609 2527 fuit
626 2476 694 2514 tanto
712 2469 758 2512 tibi
777 2471 830 2514 eive
854 2470 978 2525 verenda,
993 2471 1070 2516 Dixit
1089 2479 1114 2517 et
1131 2487 1179 2518 ca·
1192 2472 1208 2494 ’¹

47 2537 145 2591 sidero,
173 2539 234 2581 unde
253 2539 281 2582 de
308 2538 389 2581 audaci
408 2539 469 2586 Dan.
488 2539 580 2582 Heinsii
601 2539 665 2582 coni.
686 2543 769 2592 postea
792 2540 864 2597 vulgo
882 2540 1009 2585 fecerunt:
1028 2539 1086 2585 Nou
1104 2540 1176 2596 hoec,

47 2605 151 2664 Roma,
163 2601 222 2663 suit
239 2631 255 2641 -
272 2630 289 2642 -
305 2604 357 2650 Nee
376 2605 448 2650 duris
467 2606 572 2651 assiduo
590 2612 637 2650 cet.
693 2604 735 2652 57.
755 2608 800 2651 toti
817 2610 850 2653 ul.
906 2604 948 2652 59.
966 2609 1033 2653 llaec
1052 2611 1085 2653 ita
1104 2623 1180 2664 nuper

48 2675 151 2732 quidam
171 2674 314 2727 explicavit:
337 2674 419 2730 spolia
440 2673 551 2719 Hennes.
571 2681 596 2718 et
612 2673 738 2733 Syphacis
757 2676 815 2719 victi
833 2681 857 2719 et
874 2670 971 2734 Pyrrhi
988 2678 1074 2735 gloria
1085 2674 1178 2734 fractu

47 2742 85 2788 ad
108 2746 214 2785 nostros
228 2739 307 2798 pedes
329 2749 388 2786 eunt
411 2748 580 2787 monerneuta.
617 2744 665 2788 Sed
686 2745 729 2787 hac
747 2745 798 2798 ipsa
817 2745 1015 2796 interpretatione
1039 2745 1174 2794 evincitur,

47 2824 126 2866 quam
150 2812 232 2862 inepta
252 2812 284 2854 sit
309 2812 405 2868 vulgata
434 2817 529 2866 praeter
548 2812 743 2856 molestissimam
764 2812 933 2867 repetitionem
958 2825 980 2855 v.
1001 2819 1178 2865 rnonumsntc;

48 2881 114 2924 unde
136 2879 236 2936 egregie
261 2880 356 2935 quidem
382 2882 411 2923 ad
434 2881 593 2933 seutentiam,
619 2882 660 2924 sed
682 2886 758 2923 tamen
785 2881 864 2928 rniuus
893 2879 1051 2934 probabiliter
1079 2880 1179 2926 Laelun.

47 2949 193 3002 suspicatus
209 2952 264 2991 est:
293 2952 353 2990 sunt
367 2954 454 3004 perte.
474 2950 607 3002 Fortasse:
641 2962 690 2993 non
710 2952 788 3000 aeota,
821 2949 1018 3005 interrogationis
1037 2951 1107 3006 algno
1126 2955 1182 3004 post

44 3015 130 3074 pedes
159 3015 249 3069 posito.
288 3012 330 3060 60.
350 3018 446 3061 Feaad
467 3018 552 3061 Horat.
572 3017 651 3072 Epist.
673 3015 697 3070 2,
719 3019 743 3071 l,
767 3013 844 3060 191.:
881 3014 946 3058 Mox
964 3014 1075 3059 trahitur
1093 3018 1181 3060 meni-

46 3086 98 3129 bus
119 3096 213 3143 regum
224 3080 334 3140 fortune
352 3085 466 3129 retortis.
486 3088 541 3129 inde
563 3087 587 3131 h.
608 3084 788 3137 l.'auctoritate
807 3085 869 3127 Mss.
891 3086 999 3131 emendat
1017 3076 1107 3131 tractu.
1150 3084 1182 3131 At

45 3153 167 3205 Pyrrhus
189 3152 289 3194 Romam
308 3158 397 3198 tractus
419 3168 466 3197 non
489 3160 535 3198 est.
593 3152 634 3198 62.
658 3153 695 3197 Ae
721 3154 759 3196 vel
783 3151 815 3195 Ar
832 3150 927 3195 Decius
946 3152 1025 3195 misso
1044 3153 1121 3196 Codd.
1147 3176 1181 3186 ·-

45 3221 178 3268 Admisso
193 3219 290 3263 Decius
310 3222 373 3265 Seal.
394 3222 458 3266 coni.
477 3224 550 3280 vulgo
568 3227 673 3276 recepta.
694 3239 727 3270 -ε
751 3219 783 3264 At
800 3232 914 3274 recepere
934 3221 983 3264 lae.
1003 3218 1050 3275 Li.
1071 3262 1075 3265 .
1099 3218 1139 3266 il.
1161 3212 1196 3265 i.

46 3305 71 3335 e.
94 3291 135 3333 M.
158 3290 272 3333 Valerius
290 3289 385 3333 Corvus
405 3305 428 3334 ιι.
448 3305 470 3334 c.
491 3288 550 3337 405.
605 3288 647 3335 65.
667 3288 833 3334 condiderant
852 3302 864 3331 e
890 3287 950 3332 Cdd.
972 3290 1020 3333 lac.
1041 3288 1087 3336 tt.
1107 3290 1182 3335 Prae·

45 3363 101 3402 stat
131 3356 198 3412 perf.
255 3354 296 3402 67.
323 3359 502 3403 Sententiarum
529 3373 629 3405 nexum.
648 3371 707 3401 unns
735 3354 794 3402 vidit
813 3357 932 3415 Vulpius:
972 3356 1077 3402 Actiaco
1106 3360 1182 3403 nicto·

45 3428 93 3470 ria
127 3422 235 3471 Ceasar.
255 3424 386 3485 Augustus
416 3427 577 3484 Scipionum,
607 3423 725 3479 Cathilli,
759 3426 872 3483 Pompeii
900 3426 1011 3485 gloriam
1031 3428 1180 3483 superavit.

46 3496 109 3541 Non
125 3494 240 3538 audiendi
264 3496 339 3552 igitur
359 3501 431 3549 sunt,
454 3497 494 3552 qui
514 3497 559 3540 hoc
578 3497 697 3539 distichon
728 3497 764 3538 vel
780 3500 837 3549 post
850 3507 873 3538 v.
895 3492 938 3537 46.
957 3492 1068 3550 (Lachm.
1085 3493 1123 3547 1.)
1147 3498 1183 3540 vel

44 3569 109 3620 post
127 3577 154 3606 v.
178 3560 219 3606 58.
238 3563 512 3621 (PasserauBr-oukh.
537 3561 635 3620 Burin.)
659 3564 845 3611 collocaverunt.
894 3562 1019 3619 Nunquam
1055 3568 1096 3608 aut
1125 3578 1182 3607 raro

45 3633 114 3677 haec
135 3632 307 3686 transponendi
325 3634 450 3689 conamina
468 3634 568 3687 cribris
591 3637 759 3680 successerunt
778 3634 802 3675 in
824 3632 902 3695 poetis
923 3632 1053 3690 elegiacis,
1085 3633 1124 3690 qui
1147 3631 1184 3677 la·

47 3700 174 3763 fioribus
188 3712 259 3754 saepe
275 3700 377 3744 vinculis
396 3702 526 3746 sententias
545 3704 625 3746 solent
642 3701 804 3759 adstringere.
843 3698 956 3744 Ceterum
974 3701 1073 3749 Lachm.
1094 3704 1118 3746 in
1136 3703 1181 3746 Ed.

46 3780 92 3823 pr.
115 3767 184 3827 dedit
201 3764 313 3824 Bosporo
331 3773 402 3825 capte
420 3783 450 3812 ex
468 3770 559 3814 Ileinsii
580 3771 726 3814 conlectura.
751 3769 856 3817 ,Contra
873 3769 922 3814 Iac.
942 3766 988 3813 Le.
1008 3768 1120 3827 Bosporo
1139 3785 1180 3813 ee·
1231 3810 1239 3825 ,

39 3844 95 3895 pta
117 3850 131 3879 e
153 3834 215 3878 Cdd.
236 3849 280 3889 pro
308 3837 373 3894 vulg.
393 3835 510 3894 Bosporo
528 3843 611 3895 capta.
649 3838 702 3881 Cfr.
723 3838 799 3891 (land.
819 3836 881 3891 lac.)
899 3838 1047 3895 Schneiderl¹
1057 3839 1104 3884 Gr.
1125 3838 1181 3882 Lot.

45 3904 74 3949 2.
99 3917 127 3959 p.
150 3899 194 3946 led.
233 3903 353 3958 Sulpicius
372 3906 427 3950 Sev.
448 3908 512 3950 Dial.
534 3906 557 3955 1.
578 3903 621 3950 26.
657 3903 787 3961 Bosporus
805 3906 921 3950 excluse.

356 3972 412 4017 lna.
433 3975 478 4018 III.
515 3975 612 4018 ELEG·
631 3974 713 4018 XVII.
734 3973 789 4030 (IV.
809 3974 891 4028 avt.)

127 4040 154 4086 2.
171 4044 265 4105 poento
283 4054 337 4094 cum
357 4042 417 4084 Cdd.
437 4045 510 4097 Vntp.
531 4044 580 4086 lac.
603 4040 650 4099 Le.
688 4043 757 4099 „Iloc
775 4043 872 4096 recepi,
898 4044 953 4097 qnia
972 4043 1037 4096 pacis
1056 4054 1098 4094 per
1123 4041 1181 4085 Bae·
1225 4072 1230 4079 -

40 4113 127 4165 ΔεΙιιιιιι
147 4110 311 4162 impetrandae
337 4110 443 4169 precatio
469 4125 510 4165 per
529 4123 615 4154 versus
638 4124 705 4168 seqq.
725 4115 807 4165 aperte
828 4110 982 4164 exponitur.''
1006 4109 1054 4154 lac.
1075 4128 1103 4140 -
1125 4107 1183 4151 boe·

44 4178 130 4223 eleeto
151 4175 220 4233 (cum
238 4177 283 4235 Cd.
304 4176 435 4235 Groning.)
454 4179 544 4236 Vulgo.
565 4198 597 4210 -
614 4177 746 4237 lymphato
763 4179 846 4233 Burni.
862 4177 925 4219 coni.
