2762 4760
337 832 388 927 Τ.
419 826 708 922 LUCRETll
740 825 875 916 CARI

68 1007 373 1098 LIBROBUM
410 1020 524 1100 SEX
556 1021 627 1096 DE
659 1017 865 1127 RERUM'
891 1013 1139 1092 NATURA

438 1192 758 1261 ecnoeAu

529 1351 676 1367 ..u—:ff

370 1568 372 1576 s
394 1492 473 1556 Lus.
489 1490 520 1557 I.
544 1512 637 1557 vaus.
654 1490 806 1556 1-151.

50 1615 233 1679 Aeueadflm
256 1610 423 1697 genetrix,
444 1611 610 1677 hominum
633 1611 805 1698 divomque
828 1597 993 1694 voluptas,

50 1715 147 1780 Alma
164 1716 292 1792 Venus,
315 1713 395 1779 caeli
414 1717 524 1779 subter
545 1714 684 1781 labentia
701 1713 792 1799 sigua

52 1819 142 1899 Quae
161 1838 247 1882 mare
267 1816 472 1902 navigerum,
495 1839 576 1903 quae
596 1828 699 1883 terras
718 1804 962 1901 ¹irugiierenteis

52 1919 289 1994 Concelebras3
311 1929 424 2001 perte
443 1918 592 2005 quoniam
615 1941 714 2006 genus
736 1940 829 1985 omne
851 1916 1039 1999 animantum

53 2020 245 2104 Corripitur
265 2019 403 2106 visitque
425 2032 572 2086 exortum
594 2020 712 2085 lumina
733 2020 832 2086 solis:
1140 2019 1159 2080 5

53 2127 120 2201 Te,
141 2124 228 2200 Dea,
250 2133 282 2187 te
300 2121 428 2208 lugiunt
447 2121 568 2199 ventei,
591 2134 624 2187 te
646 2122 755 2187 nubila
776 2122 873 2199 caeli,

52 2227 298 2310 Adventumque
317 2235 423 2289 tuum:
447 2223 508 2288 tibi
527 2224 651 2290 suaveis
669 2225 797 2290 daedala
817 2225 909 2290 tellus

52 2325 228 2393 summittit
247 2326 364 2402 flores3
385 2324 446 2390 tibi
464 2326 570 2390 rident
591 2348 732 2414 aequora
751 2326 845 2410 ponti

49 2429 283 2514 Placatumque
305 2428 385 2493 uitet
402 2427 517 2493 diffuso
537 2428 654 2494 lumine
676 2429 810 2494 eaelum.

49 2532 137 2596 Nam
160 2528 253 2593 simul
275 2552 313 2594 ac
333 2529 455 2614 species
475 2531 633 2613 patefacta
654 2543 702 2597 est
723 2552 821 2596 verna
847 2529 910 2596 diei

48 2635 97 2698 Et
117 2644 261 2696 reserata
283 2630 371 2718 viget
393 2631 573 2718 genitabilis
593 2655 669 2698 aura
690 2632 836 2712 Favoni,
870 2637 872 2642 ’

47 2734 177 2800 Aiiriae
193 2733 330 2816 primum
353 2735 503 2799 volueres
519 2746 570 2812 te,
591 2734 695 2811 Diva,
717 2746 866 2820 tuumque

48 2834 246 2920 Significant
266 2836 377 2900 initum
399 2837 565 2919 perculsae
588 2839 689 2901 eorda
708 2847 762 2901 tua
781 2836 827 2901 ri.

46 2938 135 3002 Inde
154 2936 242 3002 ferae
261 2940 399 3020 pecudes
418 2939 595 3021 persultant
614 2939 730 3022 pabula
749 2940 849 3017 laeta,

47 3042 99 3106 Et
120 3038 253 3122 rapidos
273 3050 398 3104 tranant
419 3041 553 3118 amueis,
574 3040 636 3119 ita,
660 3052 752 3124 capta
775 3041 905 3125 lepore,

47 3141 301 3227 [illecebrisque
320 3141 383 3206 tuis
404 3142 506 3208 omnis
525 3154 637 3207 natura
659 3143 862 3224 animantum]

48 3247 105 3309 Te
124 3243 270 3328 sequitur
292 3243 424 3328 cupide,
447 3268 512 3332 quo
535 3266 691 3333 quamque
712 3244 863 3309 inducere
884 3245 1006 3332 pergis.
1094 3250 1097 3255 “

107 3416 134 3462 2.
156 3416 212 3471 (sub
230 3423 252 3462 te
270 3418 312 3463 W.
332 3419 407 3474 coni.)
461 3417 486 3464 st.
511 3434 576 3474 „uno
595 3424 701 3476 tempora
720 3419 870 3477 frequentas,
899 3433 1024 3476 permaas,
1055 3421 1167 3470 ineolis.¹’

48 3489 129 3534 Walt.
172 3483 197 3535 5.
215 3482 320 3548 (limina
337 3487 385 3547 iu.)
422 3487 446 3534 l.
467 3491 506 3535 Sic
523 3490 555 3536 G.
573 3489 601 3534 G.
615 3490 646 3534 E.
665 3512 699 3524 -
716 3488 868 3549 adventuque
886 3495 928 3534 tuo
946 3490 1021 3535 Codd.
1039 3488 1063 3535 3.
1082 3491 1112 3536 A.
1141 3514 1167 3526 -

47 3557 87 3605 ad
105 3565 251 3618 ventumque
269 3563 338 3601 tuum
356 3559 463 3603 Turneb.
501 3556 526 3604 9.
541 3565 661 3617 praeatum
680 3559 709 3603 C.
725 3559 802 3603 luuta.
815 3560 846 3604 A.
884 3558 924 3604 11.
943 3559 1090 3621 genitabilis
1109 3563 1167 3605 satis

46 3627 167 3674 firmatur
189 3628 219 3672 ab
243 3629 370 3686 antiquiss.
397 3628 529 3683 Cottum..
560 3642 590 3675 er
608 3643 654 3687 quo
671 3622 834 3698 διαρῥήδην
852 3633 962 3686 notatur,
994 3629 1022 3675 C.
1043 3636 1067 3678 et
1083 3631 1115 3676 Ε.
1135 3654 1167 3664 -

45 3698 180 3758 genitalia
204 3711 233 3743 ex
259 3699 315 3743 aliis
333 3698 393 3744 Cdd.
412 3697 474 3742 Edd.
494 3702 551 3746 vett.
571 3699 736 3753 praetulerunt
753 3698 784 3741 u.
804 3699 889 3755 Pinzg.
907 3699 936 3743 1².
974 3699 1071 3747 Nullam
1089 3706 1167 3745 tamen

44 3769 125 3813 video
145 3781 251 3821 eausam,
271 3782 313 3812 cur
331 3772 417 3812 eontra
433 3768 537 3822 optimas
549 3768 704 3811 auctoritates
716 3766 812 3811 lieentia
824 3767 862 3812 hie
874 3769 1008 3813 intrudatur
1020 3771 1087 3814 nullo
1099 3774 1168 3825 parto

45 3838 205 3883 necessaria.
241 3839 320 3881 Varro
338 3838 367 3882 de
385 3838 415 3881 1..
434 3836 464 3881 L.
484 3834 509 3881 l.
535 3849 588 3896 pag.
609 3834 635 3881 l.
653 3836 707 3890 Rip.
731 3833 865 3881 Lucretius
883 3835 1040 3894 (Lucilium)
1065 3852 1169 3883 auorum

46 3906 132 3952 uulua
152 3913 177 3951 et
194 3907 285 3968 viginti
300 3905 423 3951 librorum
445 3905 544 3950 initium
561 3902 630 3965 sealt
646 3902 709 3949 lior:
738 3902 853 3950 Aetheria
877 3911 902 3951 et
924 3913 1007 3952 terrae
1032 3906 1169 3968 genitabile

45 3989 180 4036 quaerere
192 3982 297 4034 tempus.
308 3976 344 4021 lb.
363 3973 523 4030 (oraFooona’
534 3977 577 4020 W.
590 3971 668 4028 roni.)
705 3971 745 4019 13.
761 3988 901 4031 percursas
913 3977 964 4022 cit.
1002 3974 1044 4022 11..
1056 3972 1134 4036 soros
1147 3981 1171 4018 et

41 4041 350 4104 pecudeaB.-seroe,
363 4043 552 4103 pseuderllieb.
573 4046 611 4090 lb.
646 4043 838 4102 persultentW.
876 4044 918 4091 16.
937 4042 1168 4092 DeesttnCodtl.5.

46 4114 90 4172 (ut
108 4116 221 4169 videtur,
241 4115 362 4169 omuibus,
381 4120 445 4160 certe
464 4116 536 4160 etiam
554 4116 586 4162 G.
605 4115 634 4159 C.
648 4112 690 4167 E.)
702 4113 763 4161 Eut.
779 4119 837 4159 vett.
851 4113 897 4159 At.
917 4115 1046 4170 Compar-st
1062 4116 1086 4160 in
1106 4115 1168 4158 lunt.

45 4185 110 4230 Ata.
125 4184 268 4228 sedebatur
285 4184 453 4240 proculdubio
472 4185 637 4240 interpolatori
655 4185 716 4228 italo
733 4197 758 4229 v.
773 4198 795 4230 e.
809 4184 924 4228 Marullo.
962 4185 1020 4229 scil.
1040 4184 1169 4237 interpola-

47 4259 92 4297 tor
107 4267 160 4299 nou
172 4253 233 4298 vidit
243 4253 272 4297 ael
284 4267 307 4298 v.
320 4258 394 4311 rupta
406 4258 430 4298 st
442 4266 561 4315 quamquo
575 4267 660 4303 nomeu
672 4259 784 4312 generale
797 4253 938 4300 eliciendum
951 4266 1003 4300 esse
1017 4267 1029 4298 e
1043 4251 1168 4309 praecedet.

46 4320 150 4369 ale'uiae
166 4323 295 4379 volucres,
307 4319 384 4384 serae
397 4322 517 4383 pecudea.
