2772 4750
244 186 285 252 82

244 344 317 410 Nec
336 341 439 405 minus
454 361 522 404 esse
542 337 629 402 domi
650 335 823 423 quoiquam
843 346 948 398 tamen
969 331 1064 395 anxia
1086 331 1182 396 cordi

245 450 354 533 Atque
376 442 472 507 animi
493 439 629 526 ingratis
652 439 748 502 vitam
770 457 889 501 vexare
912 434 1068 521 querelis,

247 549 417 621 Caussam,
440 566 521 631 quae
544 541 669 609 infestis
687 540 779 626 cogit
800 538 924 604 saevire
943 537 1105 623 querelis,

247 649 410 733 Intellegit
429 646 496 710 ibi:
521 645 632 709 vitium
655 666 712 708 vas
734 645 860 707 efficere
879 641 983 724 ipsum

245 751 426 835 Omniaque
447 748 532 814 illins
552 747 632 811 vitio
653 744 857 827 corrumpier
878 744 982 819 intus,

247 856 337 935 Quae
359 852 476 917 collata
496 848 581 915 soris
601 862 633 912 et
656 850 826 912 commoda
848 866 1011 931 quomque
1035 843 1203 907 venirent:

246 956 388 1031 Partim,
412 956 501 1040 quod
520 953 641 1014 fluxum
662 961 891 1034 pertusumque
916 970 985 1012 esse
1011 946 1157 1021 videbat,

248 1063 294 1126 Ut
314 1059 400 1121 nulla
421 1067 532 1141 posset
551 1053 677 1118 ratione
699 1044 861 1135 explerier
879 1072 1036 1137 unquam;

243 1159 393 1236 Partim,
417 1161 506 1243 quod
527 1166 612 1220 tetro
635 1153 726 1240 quasi
748 1174 967 1236 conspurcare
988 1174 1106 1234 sapore

248 1262 364 1330 Omnia
383 1263 547 1335 cernebat,
571 1276 815 1343 quaequomque
837 1266 1006 1338 receperat
1024 1253 1123 1319 intus.

203 1418 206 1423 .
247 1363 414 1430 Veridicis
433 1360 534 1446 igitur
552 1357 705 1442 purgavit
726 1369 861 1440 pectora
884 1356 979 1421 dictis
1073 1374 1078 1388 ·

249 1470 294 1531 Et
311 1469 404 1531 linem
428 1463 537 1528 statuit
556 1458 724 1544 cupedinis
742 1471 837 1544 atque
860 1458 1003 1534 timoris;

248 1567 492 1652 Exposuitque,
516 1567 633 1629 bouum
651 1584 822 1639 summum,
846 1584 912 1647 quo
932 1561 1088 1625 tendimns
1113 1583 1240 1637 ornnes,

251 1670 338 1751 Quid
358 1669 467 1744 soret,
490 1677 584 1751 atque
604 1664 688 1728 viam
712 1663 904 1729 monstravit
924 1662 1052 1726 tramite
1075 1685 1200 1746 parvo,

250 1773 321 1853 Qua
344 1791 509 1853 possemus
530 1772 569 1831 ad
590 1767 625 1831 id
646 1764 737 1831 recto
759 1770 954 1831 contendere
976 1788 1091 1830 cursu:

251 1873 378 1954 Quidve
401 1870 475 1935 mali
497 1870 585 1934 soret
603 1869 635 1932 in
657 1872 754 1933 rebus
773 1869 957 1933 mortalibu'
979 1867 1115 1951 passim,

251 1977 351 2057 Quod
369 1975 482 2037 flueret
506 1970 659 2047 naturali,
683 1970 835 2056 varieque
854 1971 997 2046 volaret,
1102 1974 1106 1980 '

252 2080 315 2141 Seu
339 2097 413 2139 casu
433 2097 487 2138 seu
512 2072 561 2150 vi,
585 2076 673 2159 quod
699 2071 745 2136 sic
769 2075 893 2136 Natura
913 2085 1074 2155 parasset;

252 2182 296 2243 Et
314 2177 429 2262 quibus
452 2197 469 2239 e
490 2175 596 2258 portis
619 2174 750 2239 occurri
770 2173 913 2260 quoique
935 2176 1081 2238 deceret:

253 2283 298 2344 Et
321 2300 420 2364 genus
441 2280 610 2340 humanum
631 2276 753 2340 frustra
774 2276 961 2362 plerumque
982 2276 1139 2358 probavit

252 2381 401 2446 Volvere
422 2401 570 2443 curarum
587 2378 707 2443 tristeis
729 2377 762 2440 in
783 2389 917 2460 pectore
938 2378 1068 2443 fluctus.

253 2485 355 2557 Nam,
379 2481 480 2544 veluti
500 2480 612 2563 puerei
632 2479 793 2562 trepidant
813 2480 907 2564 atque
931 2480 1037 2557 omnia
1058 2482 1163 2545 caecis
1324 2476 1363 2546 35'

253 2583 293 2646 In
313 2581 454 2647 tenebris
472 2593 629 2658 metuunt,
652 2581 699 2645 sic
723 2604 783 2646 nos
803 2580 837 2645 in
858 2582 928 2645 luce
950 2581 1096 2646 timemus

309 2726 349 2773 11.
368 2727 441 2772 cordi
458 2727 678 2772 ostermarus.
693 2732 718 2771 ut
731 2725 745 2772 5
754 2759 760 2781 ,
777 2725 854 2773 139⁰.
874 2751 907 2761 -
926 2726 1004 2772 corde
1018 2729 1111 2774 abu-ll.
1156 2731 1185 2775 15
1199 2737 1220 2774 et
1231 2729 1272 2775 16.
1291 2731 1351 2775 Locus

253 2798 326 2844 etiam
342 2789 556 2859 ιιιιιιοῦπουλος.
588 2796 622 2840 lta
638 2797 684 2840 An.
697 2798 728 2844 P.
740 2796 770 2841 A.
788 2797 844 2852 (nisi
860 2799 922 2855 quod
935 2799 1043 2851 seruire)
1058 2800 1101 2843 W.
1129 2802 1177 2844 Sed
1193 2801 1256 2844 eota
1279 2800 1350 2856 ((1.1.)

252 2867 314 2915 eut.
332 2872 390 2911 vett.
415 2866 501 2911 Peneo
515 2873 587 2925 etque
605 2862 709 2923 inseetis
730 2871 803 2925 coget
822 2867 903 2924 (Brit.
922 2868 991 2925 cogit
1002 2869 1062 2912 Ver.
1074 2869 1150 2923 Ver.)
1166 2871 1260 2915 saeuire
1280 2870 1351 2928 (Cott.

252 2933 322 2985 Brix.
338 2936 435 2981 seruire
450 2937 509 2980 Ver.
523 2932 655 2991 Vende.)
673 2936 793 2992 querelis.
822 2936 1012 2990 „Scelestissimi
1037 2944 1165 2984 curatores
1188 2940 1293 2984 hodierni
1314 2953 1352 2982 tar·

251 3008 343 3052 minum
359 3006 559 3051 Lucretinnornm
576 3004 618 3060 (t.
637 3001 682 3061 ll.)
700 3005 733 3047 ita
751 3018 780 3050 ex
797 3005 900 3049 arbitrio
919 3018 963 3049 suo
980 3014 1141 3053 recoxenuut:
1167 3008 1242 3068 Atque
1259 3009 1363 3051 enimin*

250 3072 354 3135 infestis
372 3076 433 3137 cogi
450 3075 546 3119 servire
563 3073 702 3133 querelis.'’
720 3074 763 3118 W.
802 3071 844 3119 1⁷.
864 3073 994 3135 Intellegit
1008 3075 1085 3121 Codd.
1097 3079 1156 3134 aliq.
1170 3078 1352 3122 Walt.1·'orb.-

250 3145 380 3191 Intelleaeit
394 3146 423 3193 C.
436 3145 465 3189 tt.
477 3145 520 3188 At.
533 3145 605 3202 Seqq.
617 3149 670 3188 ente
683 3144 725 3186 W.
746 3144 824 3200 Quom
840 3144 943 3188 dubitari
959 3151 1076 3202 nequeat,
1097 3148 1154 3204 quin
1170 3146 1363 3199 Salustiuslorma]

251 3216 365 3275 intellege*
383 3228 441 3259 usus
456 3215 488 3258 sit
506 3215 561 3269 (cle.
576 3213 640 3257 Edit.
664 3225 741 3257 meam
760 3213 927 3258 scholasticum
943 3213 1023 3259 Oratt.
1038 3221 1061 3260 et
1074 3215 1136 3271 Epp.
1150 3230 1174 3271 p.
1188 3215 1252 3271 38.),
1272 3204 1363 3260 eandem

251 3284 364 3329 Lucretio
381 3283 452 3327 tribui
472 3296 514 3337 par
533 3289 578 3327 eet.
635 3280 676 3327 19.
698 3283 733 3325 lta
749 3282 826 3327 Codd.
843 3283 905 3326 Edd.
921 3288 997 3340 vett.;
1023 3286 1086 3342 quod
1105 3299 1178 3343 quum
1196 3286 1308 3342 probabili
1323 3296 1351 3328 er·

203 3392 205 3396 ,
252 3354 380 3405 plicatione
399 3348 492 3396 defendi
511 3352 588 3405 possit
607 3353 794 3408 („quaecunque
812 3353 922 3396 venirent
939 3351 1000 3396 forie
1019 3355 1106 3397 collata
1114 3356 1127 3376 ’'
1146 3379 1179 3389 -
1198 3370 1241 3412 qno
1259 3355 1283 3399 in
1299 3366 1350 3396 tota·

251 3423 309 3466 bulo
334 3422 410 3476 ipsius
435 3420 544 3464 utilitatis
562 3420 630 3464 notio
649 3421 712 3464 inest
728 3444 762 3454 ·-
786 3426 877 3477 „atque
896 3420 969 3464 etiam
987 3422 1150 3478 commcda”)
1168 3426 1266 3468 Bentleii
1286 3422 1351 3467 tmesn

251 3505 298 3535 con
315 3492 383 3534 laete
398 3490 508 3544 recipere
535 3502 608 3533 ausus
627 3502 673 3531 non
691 3503 744 3533 snm
763 3503 817 3533 cnm
835 3491 877 3534 W.
897 3489 992 3535 Eicbst.
1011 3505 1112 3550 eamque
1130 3496 1252 3551 gemellam
1270 3503 1352 3549 prorsus

250 3561 330 3605 indico
348 3561 384 3604 illi
402 3559 573 3603 Lambiniauae
586 3572 600 3603 a
613 3559 687 3602 Walt.
708 3559 797 3602 inerito
815 3561 928 3615 explosae
949 3558 978 3614 6,
994 3558 1053 3609 ³96.
1073 3561 1113 3607 An
1131 3575 1178 3607 con
1195 3559 1351 3606 bacchicam·

243 3627 359 3690 sacient.
380 3653 412 3665 ·-
429 3629 571 3674 Praeiverat
584 3628 783 3673 BentleioFaber
799 3631 863 3674 coni.
880 3642 927 3673 eon
945 3635 1032 3689 grata.
1088 3629 1131 3677 25.
1151 3631 1278 3689 cupedint's
1294 3632 1352 3674 denne

250 3700 399 3745 restituimus
415 3712 444 3742 ex
464 3698 540 3743 cona.
559 3697 601 3757 (C.
613 3698 659 3752 E.)
675 3698 735 3743 Ede.
756 3703 814 3743 vett.
831 3700 860 3743 Α.
871 3699 901 3742 L.
916 3699 946 3742 ll.
961 3700 1035 3743 Wak.
1058 3721 1087 3732 —
1107 3701 1245 3758 turpede'nt'e
1260 3701 1362 3755 depromi

250 3775 318 3826 ptum
334 3774 371 3813 est
392 3775 443 3814 tum
464 3781 494 3813 ex
510 3769 572 3814 Cod.
593 3769 630 3812 Μ.
654 3772 678 3812 et
700 3767 747 3811 Ed.
768 3767 860 3812 lnntina
886 3768 1045 3813 babentibne:
1076 3770 1295 3827 torpedintemtd.
1311 3779 1351 3811 sere

248 3836 396 3897 cupediae)
417 3844 466 3883 tum
491 3852 519 3884 ex
541 3838 667 3882 Lactantio
682 3834 712 3891 l,
731 3833 775 3881 27.
795 3838 834 3881 ubi
853 3839 950 3893 plurimi
973 3837 1050 3882 Codd.
1066 3839 1220 3896 torpedinis,
1240 3851 1299 3881 nnus
1314 3843 1350 3880 tm

244 3908 363 3967 pidt'nis,
392 3922 452 3953 unos
480 3909 538 3953 item
562 3906 710 3965 cuppedinis
736 3909 774 3962 (v.
792 3907 826 3952 Le
842 3908 918 3952 Brun.
935 3920 959 3962 p.
978 3903 1049 3962 590.)
1072 3909 1142 3965 idque
1163 3910 1220 3953 satis
1237 3907 1350 3951 detenditur

166 4004 168 4007 ·
249 3971 737 4032 Lueret.1,1081.t,ttst.5,tt.
777 3974 819 4020 21.
835 3989 919 4033 prono
933 3976 963 4023 Ι..
978 3977 1009 4021 Η.
1032 3962 1062 4009 -¹
1081 3978 1162 4021 limite
1172 3977 1291 4035 pareoal.
1301 3984 1349 4032 pem

250 4048 318 4094 Lact.
332 4048 348 4090 l.
363 4048 380 4091 l.
402 4046 516 4090 Nostram
533 4048 588 4089 lect.
604 4042 684 4086 tirtuat
700 4044 730 4087 E.
773 4042 815 4087 28.
838 4039 909 4089 notet
923 4045 1033 4092 osum.
1078 4043 1121 4091 30.
1141 4046 1206 4105 quod
1218 4045 1306 4109 flueret
1320 4056 1350 4087 tte·

251 4114 329 4158 tuteli
346 4115 383 4168 ,.i.
401 4129 424 4160 e.
440 4113 519 4175 fluxu
534 4114 572 4156 vel
586 4111 685 4173 fluere,
711 4113 821 4165 nomine,
849 4118 874 4156 nt
890 4112 917 4156 lit
934 4115 1091 4170 saepissime,
1112 4117 1175 4159 intra
1193 4115 1287 4161 verbum
1304 4125 1351 4159 eon·

254 4182 399 4236 prehenso.’'
418 4184 460 4226 W.
492 4181 560 4224 Adeo
579 4194 608 4223 ne
628 4180 668 4222 ille
688 4180 783 4236 quidem
800 4181 963 4240 intelligebat,
983 4185 1113 4239 naturali,
1133 4185 1154 4229 ei
1167 4186 1235 4230 lectio
1246 4196 1305 4227 sana
1315 4185 1351 4231 eet,

253 4251 399 4307 iungendum
417 4262 471 4296 esse
490 4262 545 4293 cnm
562 4260 634 4293 coen.
665 4247 717 4293 Hoc
735 4260 793 4294 vcro
808 4251 923 4306 praebent
936 4251 1013 4298 Codd.
1025 4253 1086 4300 End.
1099 4259 1157 4300 vett.
1180 4255 1224 4298 nisi
1236 4255 1297 4310 qnod
1309 4252 1361 4299 baal.
