2750 4744
216 165 277 230 188

277 322 370 402 Quae
390 318 461 382 fieri
481 339 589 403 pugna
610 317 713 400 prima
734 328 866 382 cruenta
884 320 981 386 solet.
1043 336 1046 343 ’

213 422 368 490 Protinus
388 421 567 484 excolimur
588 420 690 484 teneri
710 441 852 504 curaque
872 421 1014 502 parentis

277 527 365 588 Imus
386 524 428 586 ad
446 521 589 608 insignes
614 522 713 588 Urbis
735 524 777 585 ab
798 535 868 587 erte
890 522 992 591 viros.

213 628 330 692 Frater
350 629 390 687 ad
411 623 574 709 eloquium
597 622 692 687 viridi
712 627 860 688 tendebat
881 627 921 688 ab
944 646 1046 703 aevo,

155 750 162 761 ·
275 715 388 792 Fo'rtia
409 725 541 791 verbosi
562 737 654 789 natus
675 729 822 790 adarna
844 726 938 792 Feri.

213 829 261 893 At
282 827 357 892 mihi
377 828 438 890 iam
459 849 562 910 puero
584 827 732 891 caelestia
754 849 846 892 sacra
868 830 1038 911 placebant

275 932 378 1016 Inque
399 952 490 993 suum
510 929 618 994 lurtim
640 931 740 993 Musa
761 932 911 994 trahebat
933 951 1028 1012 opus.

213 1034 315 1115 Sa'epe
336 1044 428 1114 pater
450 1011 549 1094 illisit:
573 1030 740 1104 ,Studium
762 1031 838 1116 quid
857 1031 969 1096 inutile
990 1032 1119 1096 tentas?

274 1132 464 1198 Maeonides
486 1132 587 1195 nullas
608 1132 676 1214 ipse
698 1132 829 1217 reliquit
850 1131 965 1215 opes.’'

212 1237 328 1300 Motus
350 1256 446 1317 eram,
459 1233 571 1296 dictis:
594 1243 730 1318 totoque
751 1234 910 1300 Helieone
932 1234 1066 1312 relicto,

276 1337 426 1401 Scribere
447 1336 588 1412 conabar
609 1336 710 1399 verba
731 1336 837 1398 soluta
859 1335 975 1399 modis.

213 1440 336 1521 Sponte
358 1457 416 1500 sua
436 1457 565 1500 carmen
585 1456 734 1500 numeros
755 1436 904 1500 veniebat
925 1439 966 1499 ad
986 1448 1081 1518 aptos

275 1541 335 1616 Et,
360 1540 447 1622 quod
469 1541 629 1603 tentabam
651 1537 776 1613 dicere,
799 1559 912 1602 versus
934 1549 1018 1603 erat.

211 1643 337 1706 interea
358 1640 456 1704 tacito
478 1661 575 1721 passu
596 1640 776 1704 labentibus
797 1639 887 1703 annis

274 1741 430 1807 Liberior
450 1741 544 1805 fratri
564 1753 688 1822 sumpta
711 1741 849 1826 mihique
872 1754 950 1826 toga
971 1756 1021 1806 est

211 1844 419 1926 induiturque
441 1843 580 1907 humeris
602 1864 674 1906 oum
694 1843 762 1907 lato
783 1864 929 1926 purpura
950 1845 1045 1910 clavo

272 1947 317 2009 Et
338 1944 475 2008 studium
497 1943 609 2019 uobis,
632 1947 720 2027 quod
741 1944 912 2019 scitante,
936 1958 1051 2011 manet.

210 2048 343 2129 lamque
363 2049 474 2109 decem
497 2044 579 2109 vitae
599 2046 704 2111 irater
726 2045 945 2129 geminaverat
966 2067 1085 2122 annos,

274 2148 380 2226 Quom
402 2145 507 2227 perit,
531 2157 564 2210 et
585 2145 679 2228 coepi
700 2158 793 2228 parte
814 2167 926 2210 carere
949 2147 1024 2210 mei.

210 2246 385 2330 Coepimus
408 2258 441 2311 et
462 2259 591 2311 tenerae
613 2247 735 2330 primos
757 2246 869 2312 aetatis
890 2249 1051 2322 honores3

272 2352 367 2432 Eque
389 2348 468 2412 viris
489 2352 648 2432 quondam
671 2370 747 2431 pars
767 2350 872 2412 tribus
895 2370 956 2412 una
976 2350 1037 2414 fui.

211 2448 310 2515 Curia
332 2452 497 2524 restabat3
519 2451 602 2514 clavi
623 2471 769 2514 mensura
791 2462 902 2514 coacta
923 2462 992 2515 ests

272 2549 381 2615 Maius
404 2563 473 2614 erat
494 2550 612 2616 nostris
634 2550 757 2615 viribus
778 2554 858 2616 illud
877 2574 972 2617 onus.

208 2654 280 2716 Neo
299 2651 422 2734 patiens
444 2674 562 2734 eorpus
584 2674 645 2717 nec
665 2673 752 2716 meus
772 2653 833 2717 luit
849 2666 928 2736 'apta
948 2654 1072 2731 labori,

272 2753 499 2837 sollicitaeque
519 2755 624 2837 fugax
646 2755 827 2818 ambitionis
849 2776 955 2819 erama

208 2857 254 2919 Et
274 2866 384 2937 petere
406 2856 533 2919 Aoniae
555 2857 728 2920 scindebant
749 2867 817 2919 tuta
840 2877 973 2922 sorores

274 2956 350 3020 Otia
372 2954 492 3020 iudicio
513 2977 639 3037 semper
661 2956 762 3021 ama'ta
785 2978 869 3023 meo.

208 3055 383 3140 Temporis
402 3056 486 3121 illius
507 3057 593 3123 colui
614 3058 748 3141 fovique
768 3061 902 3140 pois'tas3

270 3158 424 3243 Quotque
446 3161 577 3227 aderaut
599 3172 706 3235 rates,
730 3161 828 3224 rebar
850 3163 960 3225 adesse
982 3163 1071 3226 deos.

207 3263 309 3343 Saepe
332 3282 404 3323 suas
427 3262 576 3326 volucres
599 3262 676 3347 legit
697 3261 772 3324 mihi
795 3263 949 3346 grandior
970 3285 1070 3342 aevo,

269 3361 423 3445 Quaeque
445 3374 536 3426 necet
556 3384 709 3445 serpens,
733 3385 815 3449 quae
837 3364 925 3428 iuvet
947 3368 1066 3442 herba,
1092 3370 1223 3432 Macer.

206 3463 309 3545 Saepe
331 3483 407 3526 suos
429 3463 540 3528 solitus
562 3464 697 3528 recitare
718 3466 912 3548 Propertius
934 3467 1043 3551 ignes,
1285 3473 1319 3533 lt

269 3564 346 3627 Iure
368 3565 524 3630 sodalieio
548 3566 602 3650 qui
625 3564 701 3629 milii
723 3566 847 3630 iunctus
870 3580 950 3631 erat.

278 3785 318 3834 ll.
337 3787 441 3835 Lucium
466 3794 523 3837 dicit
549 3793 646 3839 Cioian.
674 3808 704 3840 es
726 3797 836 3855 glossis,
856 3798 1006 3852 dividetur,
1027 3800 1142 3856 antiquis.
1201 3798 1243 3847 19.
1263 3800 1321 3846 Per-

205 3856 302 3902 messia
319 3860 424 3913 suspicio
450 3862 552 3906 Heinsii.
607 3861 650 3908 29.
674 3862 793 3911 humeros
815 3879 845 3911 ex
867 3862 892 3912 ³.
911 3866 987 3911 Godd.
1008 3869 1100 3923 recepit
1118 3868 1222 3925 lioblk3
1243 3883 1320 3926 perpe·

204 3941 271 3981 rain,
290 3940 362 3982 quum
371 3941 488 3986 purpura
499 3931 632 3976 subiectum
644 3935 817 3988 propositionis
833 3935 879 3988 sit,
899 3948 946 3979 nou
954 3931 1044 3992 sentes·
1061 3951 1085 3980 v.
1105 3950 1127 3981 e.
1166 3934 1210 3982 34.
1230 3940 1321 3982 Trien-

204 3997 242 4038 vir
263 3995 399 4051 Capitalis,
431 3996 479 4054 (vsi
504 4000 656 4053 Monetalis.)
678 4015 702 4046 v.
733 4005 842 4048 Messon.
868 4004 940 4047 vitam
964 4002 1054 4049 Ovidii.
1074 4007 1113 4050 ed.
1132 4006 1217 4050 risen.
1239 4021 1266 4062 p.
1286 4005 1321 4052 12.

207 4059 248 4108 ti.
268 4061 391 4107 Aemilius
408 4063 498 4108 llincer
516 4067 674 4115 Veronensis.
701 4068 901 4129 Ornitbogoniam
920 4077 943 4117 et
961 4073 1081 4117 'l'heriaca
1103 4076 1219 4130 scripsit,
1240 4075 1321 4122 Nioss-

206 4130 276 4171 drum
295 4131 416 4187 imitatus3
435 4131 498 4175 obiit
514 4145 579 4175 s.·u.
600 4130 658 4182 737.
713 4134 754 4184 36.
773 4139 897 4184 sodalicio
915 4154 945 4185 ex
963 4141 1041 4187 coti.
1059 4142 1120 4190 Edd.
1141 4144 1322 4202 unriureins

207 4195 336 4240 sodalicii.
374 4195 416 4242 ii.
446 4197 565 4242 Ponticus
583 4199 659 4254 idem,
692 4205 721 4247 sd
744 4218 814 4261 quern
830 4210 974 4265 Propertius
992 4211 1059 4256 misit
1079 4210 1103 4256 1.
1123 4212 1195 4271 Eleg.
1216 4211 1241 4261 7.
1263 4211 1316 4260 eti
