2762 4762
588 397 641 459 62.

58 500 289 565 Orenerande
312 498 405 564 bonis
427 497 527 562 dulcis
550 499 686 563 conviva
710 498 877 585 Camenis,

121 600 342 680 Callimacho,
366 600 401 664 in
421 620 522 685 regno
545 620 628 665 6666
650 620 779 684 quoque
801 598 887 665 Ditis
911 619 980 668 ave.

591 784 646 848 63.

63 903 185 987 Accipe
208 903 376 967 Battiadae
398 902 548 986 sapientia
571 903 692 967 somnia
714 902 794 968 vatis
804 874 820 981 ,κ

118 1009 196 1071 Nou
219 1009 301 1069 ebur
324 1007 420 1081 haec,
445 1026 556 1069 verum
579 1024 695 1069 cornea
718 1017 812 1088 porta
834 1002 940 1082 dedit,

59 1107 186 1190 Quippe
209 1105 321 1190 ignota
343 1106 432 1188 prius
453 1106 545 1173 seclis
568 1105 756 1169 mortalibus
780 1108 896 1184 edunt,
990 1111 1023 1154 ²²-
1046 1154 1051 1163 ,
1131 1124 1134 1131 ·

127 1210 204 1271 Sive
228 1210 319 1269 dettm
343 1207 488 1272 sobolem
510 1227 566 1270 seu
589 1206 673 1269 canit
696 1207 747 1270 ille
770 1210 860 1271 deos.

58 1312 203 1392 Namque
225 1309 326 1391 ipsam
350 1328 367 1370 e
389 1309 493 1388 Libya
516 1318 647 1389 portans
674 1308 841 1373 Heliconis
864 1311 903 1373 ad
925 1329 1015 1374 arces

119 1409 286 1476 Pieridum
310 1408 400 1473 iussit
423 1419 508 1471 stare
530 1410 589 1470 661)
612 1429 669 1471 ora
692 1431 806 1490 sopor.

58 1515 136 1578 Illae
160 1532 321 1594 responso
341 1509 428 1572 facili
450 1513 589 1573 docuere
612 1501 777 1593 rogantem

122 1616 251 1681 Semina
273 1613 374 1697 prima
397 1615 487 1676 detlm
510 1611 745 1696 seruidetlmque
767 1633 881 1697 genus.
950 1676 953 1682 A

588 1796 643 1859 dl.

57 1922 224 1987 Laudibus
247 1919 396 2003 egregias
419 1915 594 1998 Colophon
617 1916 831 1997 supereminet
853 1918 967 1992 nrbes,

119 2028 212 2106 Quae
234 2022 361 2106 peperit
382 2033 473 2083 natos
496 2019 620 2082 nomina
644 2040 754 2101 triagna
779 2021 878 2093 duos;

56 2128 167 2194 Patria
190 2127 386 2190 Nicandrum
411 2121 511 2185 veteri
533 2118 668 2183 sociavit
690 2121 857 2195 Homero,

118 2231 169 2293 Ne
192 2248 276 2294 nova
298 2224 461 2292 Pieridum
485 2224 552 2287 laus
574 2221 697 2284 aliunde
719 2220 821 2284 soret.
853 2222 856 2229 '

584 2407 639 2471 65.

56 2532 150 2599 Italia
173 2532 272 2615 longe
293 2529 382 2594 iaceo
403 2527 568 2613 patriaque
592 2529 754 2603 Tarento,

119 2639 166 2701 Et
188 2634 289 2719 magis
312 2634 391 2694 haec
411 2651 463 2692 res
485 2640 533 2692 est
555 2648 666 2710 aspera
689 2639 791 2693 morte
814 2628 909 2717 6616.1

55 2738 162 2802 Invita
185 2755 288 2818 usque
310 2735 390 2795 adeo
412 2731 476 2793 vita
500 2739 550 2794 est
570 2729 762 2812 peregrinae
786 2733 842 2792 sed
862 2731 939 2812 ipsis

119 2840 154 2903 A
176 2836 285 2901 Musis
308 2832 422 2896 melior
443 2852 527 2894 6666
549 2829 624 2893 milri
647 2830 711 2892 vita
733 2832 803 2892 data
827 2841 888 2893 est.

55 2941 186 3023 Quippe
208 2959 268 3019 per
289 2933 450 2999 Aonidum
473 2952 563 2995 sacra
585 2953 713 2993 munera
735 2942 858 3012 tempus
881 2933 912 2994 in
934 2953 1026 2996 omne

120 3040 339 3107 Concelebrat
360 3054 476 3100 nomen
497 3032 581 3096 lama
603 3033 816 3098 Leonideum.

587 3216 642 3280 66.

55 3346 183 3428 Accipe
206 3346 372 3407 deductum
395 3336 545 3422 sapientis
567 3357 692 3401 carmen
715 3336 827 3415 Arati,

125 3443 241 3510 Omnia
264 3442 318 3527 qui
339 3442 432 3505 nobis
454 3439 557 3502 sidera
580 3458 674 3501 nosse
696 3438 795 3502 dedit.

56 3549 124 3614 Seu
145 3567 230 3629 vaga
250 3554 326 3608 seint
347 3541 511 3616 sentina,
534 3540 656 3622 quibus
670 3540 817 3622 pulsatur
840 3540 971 3624 Olympi

120 3647 243 3732 Regia,
265 3658 329 3708 tam
353 3642 457 3707 multis
480 3641 613 3705 orbibus
628 3639 798 3723 implicita.

54 3752 147 3816 Laus
170 3748 279 3831 operis
300 3746 342 3810 sit
363 3765 491 3829 magna.
535 3742 609 3807 Iovi
631 3763 701 3803 uam
723 3736 889 3824 proximus
910 3743 963 3810 ille
985 3755 1051 3824 est,

122 3849 223 3917 Cuius
246 3851 286 3912 ab
308 3847 436 3932 ingenio
457 3844 573 3921 olarios
596 3854 681 3907 astra
703 3846 831 3909 micant.

232 4056 311 4135 Sede,
330 4074 415 4133 quibus
433 4074 493 4119 caeti
511 4086 537 4120 se
554 4077 619 4118 rotat
636 4078 690 4131 apta
708 4076 802 4120 domos.

203 4147 288 4200 Salve,
308 4145 398 4190 Arate:
418 4158 433 4186 o
451 4148 517 4188 vates
535 4143 655 4188 mirande!
674 4159 689 4187 o
708 4145 814 4200 luppiter
832 4147 893 4193 alter

233 4216 318 4260 Sidera
336 4226 407 4273 quem
424 4217 522 4268 propter
539 4210 669 4272 tctgtdiora
687 4214 791 4259 micant!
820 4268 824 4271 ,

1157 1315 1176 1374 6

1153 2936 1172 3003 5

1151 3743 1172 3812 ⁵
1195 3734 1198 3741 ,
