2736 4748
223 170 287 233 ast

224 327 400 405 Quaestor.
429 321 635 388 Candidatus.
670 324 823 386 Praetor.
853 322 1016 387 Urbanus.
1047 322 1242 388 Corrector.
1271 328 1329 388 Tu-

222 429 319 492 sciae.
355 429 412 490 Et.
450 425 617 491 Umbriae.
651 423 855 488 Consularis.
888 424 1087 488 Lusitaniae.
1124 427 1327 490 proconsule.

222 529 375 594 Achaiae.
398 528 599 591 Praefectus.
623 528 718 590 Urbi.
740 529 899 610 Legatos.
923 527 968 590 A.
985 527 1116 591 Senatu.
1140 529 1274 591 Missus.
1289 532 1327 593 V.

223 631 425 694 Praefectus.
460 628 647 693 Praetorio.
687 629 732 691 ll.
769 627 893 690 Italiae.
930 630 988 691 Et.
1026 628 1162 708 lllyrici.
1203 629 1327 694 Consul.

224 731 426 796 Ordinarius.
449 730 656 815 Designatus.
679 731 736 792 Et.
758 729 899 793 Aconia.
922 728 1036 792 Fabia.
1060 729 1208 794 Paulina.
1231 731 1274 794 C.
1293 731 1326 792 F.

223 835 365 895 Sacrata.
396 831 523 896 Cereri.
552 833 607 895 Et.
635 830 819 894 Eleusiniis.
849 834 994 893 Sacrata.
1030 833 1139 912 Apud.
1169 833 1325 915 Aeginam.

223 936 377 996 Hecatae.
412 933 658 996 'satrroboliatm
697 932 961 1014 Hieropbantria.
991 933 1048 995 Hi.
1077 933 1259 997 Coniuncti.
1286 932 1326 994 si-

223 1036 300 1097 mul.
330 1036 504 1098 Vixerunt.
533 1037 622 1100 Anu.
649 1035 727 1100 xl..
759 1033 857 1112 (circa
879 1055 910 1097 a.
939 1055 976 1116 p.
999 1034 1083 1099 Chr.
1106 1035 1183 1098 380.
1208 1035 1327 1098 Antbol.

222 1138 266 1198 L.
291 1137 322 1198 l.
347 1136 437 1214 tut.)

616 1275 651 1340 Α
671 1274 799 1341 dextro
819 1277 945 1339 latere:

349 1403 503 1481 Paulina,
528 1401 597 1469 veri
619 1415 651 1467 et
671 1404 823 1468 castitatis
845 1404 991 1480 conscia,

306 1504 419 1569 Dicata
443 1505 569 1588 templis
591 1517 685 1588 atque
706 1506 806 1569 amica
828 1506 1008 1582 numinum,

306 1606 374 1670 Sibi
397 1606 541 1669 maritum
563 1608 768 1690 praeferens,
793 1612 928 1673 Romam
953 1608 1041 1685 viro,

307 1710 457 1785 Pudens,
481 1708 599 1788 auctis,
621 1730 700 1791 pura
724 1722 827 1773 mente
849 1720 880 1772 rt
902 1730 1062 1792 corpore,

307 1807 451 1894 Benigne
473 1808 612 1888 crinctis,
635 1809 722 1873 utilis
744 1810 933 1875 Penatibus.

606 1950 641 2015 A
660 1947 804 2013 sinistro
824 1951 949 2014 latere:
1034 1936 1036 1939 ⁵

347 2075 500 2155 Paulina,
524 2077 626 2142 nostri
647 2079 790 2161 pectoris
812 2081 977 2146 consortio

305 2179 424 2243 Fomes
445 2181 597 2265 pudoris,
620 2181 774 2245 castitatis
798 2181 975 2261 vinculum,

304 2282 472 2364 Amorque
492 2303 593 2367 petrus
615 2293 648 2345 et
667 2283 748 2347 fides
769 2284 861 2347 eaelo
887 2297 970 2365 sata,

303 2382 431 2444 Arcana
454 2384 566 2447 mentis
587 2383 639 2448 cui
659 2385 785 2449 reclusa
808 2385 945 2464 credidi,
1001 2464 1008 2471 .

259 2518 262 2523 ,
305 2483 427 2544 Munus
449 2485 601 2562 (leuraam,
624 2486 679 2570 qui
703 2487 875 2550 maritalem
897 2498 1003 2552 torum

304 2585 445 2646 Nectunt
467 2585 574 2651 amieis
596 2597 629 2650 et
648 2589 771 2674 perdicis
793 2588 941 2655 nexibus.

307 2684 432 2750 Pietate
455 2688 581 2765 matris,
604 2689 767 2776 coniugali
790 2690 913 2776 gratia,

304 2789 400 2852 Nexu
421 2790 566 2868 sororis,
589 2790 672 2857 filiae
695 2795 869 2870 modestia,

304 2892 367 2963 Et,
391 2901 507 2970 quanta
530 2893 637 2956 amicis
658 2892 821 2979 iungimur
842 2896 977 2977 liducia,

302 2991 428 3057 aeram
451 3013 508 3055 usu
530 2997 739 3060 consecrandi
758 2997 910 3064 loedere:

302 3093 394 3178 lugi,
418 3095 523 3171 fideli,
546 3096 684 3180 simplici
706 3100 897 3178 concordia,

303 3199 417 3261 luvana
440 3198 606 3278 nutritum,
631 3199 781 3285 diligens,
804 3212 939 3282 ornans,
962 3206 1082 3272 colens.

499 3370 503 3379 ¹
612 3340 655 3405 Iu
672 3340 810 3422 postico
825 3354 947 3426 parter

344 3466 505 3548 Splendor
526 3478 693 3550 parentum
717 3469 760 3533 nil
783 3469 858 3534 mibi
880 3472 979 3537 maius
1001 3475 1102 3549 dedit,
1131 3552 1134 3557 y

298 3569 404 3648 Quam
428 3572 515 3653 quod
537 3569 652 3634 marito
675 3570 771 3655 digna
794 3573 853 3635 iam
877 3585 942 3637 tum
966 3574 1031 3638 visa
1054 3598 1140 3653 statui,

301 3672 365 3732 Sed
387 3670 489 3734 lumen
513 3692 606 3737 omne
630 3675 680 3736 vel
702 3677 818 3752 dectus,
842 3697 957 3740 nomen
981 3676 1061 3752 viri,

299 3769 428 3852 Agorl‚
451 3775 593 3853 stuperbo
615 3773 670 3858 qui
691 3786 816 3839 creatus
838 3779 1001 3860 germine,

219 3935 224 3941 ,
300 3871 466 3947 Patriam,
491 3877 639 3938 Senatum
662 3876 895 3962 coniugemque
917 3881 1082 3945 inluminas

299 3973 469 4036 Probitate
492 3977 623 4049 mentis,
648 3980 810 4057 moribus,
833 3982 945 4044 studiis
966 3982 1078 4059 simul3

301 4070 441 4131 Virtutis
463 4070 584 4148 apicem
607 4074 662 4154 qui
683 4097 863 4156 supremum
888 4096 1019 4157 nanctus
1040 4107 1090 4162 es,

303 4171 355 4251 Τις
378 4189 535 4249 nautaque,
558 4174 710 4254 quidquid
730 4177 838 4263 lingua
860 4194 994 4269 utraque
1017 4199 1065 4250 est
1086 4191 1249 4270 proditum
1287 4188 1318 4251 ll
