2762 4762
187 169 250 236 326

187 321 258 395 οἷον
279 323 298 396 ὁ
323 323 465 417 τεχνήεις
489 323 649 408 Πυλάδης
670 321 842 415 ὠρχήσατο
864 331 970 394 κεῖνον

250 425 346 519 ὀρθὰ
371 425 458 494 κατά
479 430 640 518 τραγικῶν
660 432 789 514 τέθμια
807 424 1041 514 μουσοπόλων,

186 533 379 616 παυσαμένη
400 524 500 611 ζήλου
523 527 602 608 Διὸς
622 525 663 595 άν
688 521 1092 620 φάτοσύχχαμοςἭρη·

249 626 396 710 ἐψεύσω,
417 631 569 717 Σεμέλη,
594 625 743 717 Βάκχον·
769 627 831 717 ε’χώ
855 626 888 697 δ’
912 630 1031 700 ἔτεκον.

514 833 565 901 71.
586 832 929 901 ΑΝΊἾΠΑΤΡΟ
944 835 979 903 Υ.

189 968 303 1040 Αὐτὸν
326 967 518 1058 Βακχευτῆν
539 971 628 1038 ἐνέδυ
650 965 751 1049 θεὸν,
774 965 869 1053 ῆνίκα
892 965 1031 1059 Βάκχας

253 1075 289 1140 ἐκ
312 1073 430 1157 θηβῶν
450 1067 578 1155 Ἰταλίην
600 1067 702 1156 ήχαχε
724 1068 808 1161 πρὸς
832 1075 985 1157 θυμέλην
992 1123 1002 1153 ,

186 1169 384 1264 ἀνθρώποις
406 1168 565 1252 Πυλάδης
587 1167 724 1258 τερπνὸν
745 1174 835 1252 δέος,
857 1165 912 1238 οἷα
930 1167 1077 1263 χορεύων

250 1275 408 1359 δαίμονος
425 1267 570 1360 ἀκρήτου
591 1273 704 1339 πάσαν
724 1271 842 1355 ἔπλησε
862 1269 970 1341 πόλιν.

192 1376 303 1460 θῆβαι
322 1370 541 1459 γιγνώσκουσι
562 1370 622 1441 τὸν
643 1375 678 1439 ἐκ
702 1370 825 1461 πυρός·
848 1369 1005 1463 ούράνιος
1025 1376 1084 1441 δὲ-

249 1467 364 1557 οὗτος,
386 1470 622 1566 ὁπαμφάνοις
639 1479 733 1563 χερσὶ
750 1470 973 1564 λοχευόμενος.

578 1659 630 1727 72.
651 1657 922 1728 ΑΓΛΘΙΟΥ.

187 1801 238 1870 Εἴ
256 1823 335 1868 ποτε
359 1803 420 1885 μὲν
443 1792 592 1886 κιθάρης
613 1790 811 1889 ἔπαιμῆσατο
833 1796 999 1887 πλῆκτρον
1019 1797 1141 1867 ἑλοῦσα

252 1897 372 1991 κούρη,
399 1896 607 1992 Τερψιχόρης
628 1895 811 1985 ἆντεμίλιζε
832 1899 956 1983 μίτοις·

188 2004 223 2073 εἴ
237 2027 316 2070 ποτε
340 2006 376 2068 δὲ
400 2003 545 2093 τραγικῷ
565 1995 740 2088 ῥοιζήματι
767 1995 888 2087 ῥήξατο
918 1994 1049 2091 φωνήν,

251 2100 356 2184 αὐτῆς
377 2106 593 2188 Μελπομένης
612 2097 744 2187 βόμβον
767 2096 994 2167 άπεπλάσατο.

189 2201 220 2272 εἰ
239 2207 274 2270 δέ
299 2209 354 2270 καὶ
377 2200 518 2289 ἀγλαΐης
539 2204 645 2292 κρίσις
664 2197 799 2282 ἰ’στατο,
820 2203 949 2287 μᾶλλον
969 2198 1011 2268 άν
1033 2198 1116 2286 αὐτῆ

252 2299 385 2391 Κύπρις
408 2300 567 2387 ἐνικήθη,
593 2299 779 2386 κάνεδίκαζε
800 2297 922 2389 Πάρις.

190 2406 272 2496 σιχῇι
291 2401 339 2495 ἐφ’
364 2400 498 2492 ἡμείων,
519 2401 639 2491 ἵναμή
665 2398 825 2480 Διόνυσος
845 2399 994 2484 άκούσας

253 2505 315 2572 τῶν
340 2504 550 2595 Ἀριαδνείων
572 2507 670 2589 ζῆλον
691 2504 759 2592 ἔχοι
779 2507 904 2592 λεχέων.

378 2674 433 2755 73.
455 2689 681 2755 ΑΝΤΙΠΑ
692 2687 797 2756 ΤΡΟ
812 2689 841 2755 Υ
874 2688 1121 2759 ΘΕΣΣΑΛ.

196 2820 346 2911 ’δεόμεθ’
375 2817 450 2892 ὅσοι
470 2819 609 2904 λάκκος,
631 2820 652 2907 ἢ
673 2822 893 2917 λοφνίδας,ῆ
917 2828 1112 2912 καμασῆνας

252 2924 364 3019 ᾄδετε,
388 2927 533 3007 ποιητῶν
555 2929 662 3018 φῦλον
689 2923 951 3013 άκανθολὸχων,

189 3025 227 3095 οἵ
248 3025 279 3094 τ’
307 3030 406 3095 ἐπέων
427 3022 553 3113 κόσμον
577 3031 807 3113 λελοχισμένον
830 3025 1033 3113 ἀσκήσαντες
1040 3082 1049 3112 ,
1087 3050 1092 3056 ’

252 3126 371 3219 κρήνης
392 3130 426 3211 ἐξ
445 3130 533 3217 ἱερῆς
552 3129 657 3197 πίνετε
683 3126 774 3196 λιτὸν
799 3122 905 3216 ὕδωρ·

189 3227 332 3321 σήμερον
352 3227 564 3321 Ἀρχιλόχοιο
586 3235 643 3296 καὶ
662 3226 800 3320 ἄρσενος
822 3218 911 3322 ῆμαρ
925 3227 1078 3323 Ὀμήρου

252 3333 446 3418 σπένδομεν*
468 3327 488 3397 ὁ
509 3329 631 3423 κρητὴρ
655 3328 694 3401 ού
721 3328 837 3422 δέχεθ’
863 3329 1061 3425 ύδροπότας.

360 3531 412 3598 74.
433 3530 1140 3601 ΑΝΤΙΠΑΤΡΟΥΣΙΔΩΝΙΟΥ.

186 3663 298 3735 Ἑπτά
312 3668 441 3761 σοφῶν,
466 3663 672 3756 Κλεόβουλε,
699 3673 736 3735 σὲ
756 3675 817 3755 μὲν
838 3666 1022 3739 τεκνώσατο
1043 3673 1182 3747 Λίνδος·

253 3774 336 3861 φατὶ
360 3772 397 3836 δὲ
420 3770 579 3861 Σισνφία
600 3766 700 3859 χθὼν
724 3772 944 3861 Περίανδρον,
957 3772 1056 3858 ἔχειν·

189 3867 362 3940 Πιττακὸν
386 3866 410 3936 ά
433 3866 631 3939 Μιτυλάνα·
654 3870 783 3938 Βίαντα
809 3875 845 3938 δὲ
871 3874 927 3938 δῖα
949 3873 1096 3963 Πριήνη

250 3974 401 4053 Μίλητος
425 3973 461 4037 δὲ
488 3972 618 4051 Θαλῆν,
641 3970 744 4060 άκρον
766 3973 901 4063 ἔρεισμα
927 3975 1046 4052 Δίκας·

188 4073 210 4142 ά
232 4070 381 4162 Σπάρτα
404 4074 554 4140 Χίλωνα·
580 4066 725 4139 Σόλωνα
751 4077 787 4140 δὲ
809 4078 974 4163 Κεκροπὶς
997 4067 1072 4140 αἶα·
1292 4089 1311 4148 5

253 4170 379 4250 πάντας
400 4166 560 4256 άριζάλου
583 4169 801 4261 σωφροσύνας
824 4172 988 4270 φύλακας.
