2736 4748
251 421 254 426 .
320 370 416 436 nan
453 369 632 435 neutum.
670 370 728 452 (u.
754 371 786 437 s.
804 368 879 452 os.)

38 479 183 557 Antoni,
209 481 335 545 Pharid
353 481 397 543 nil
419 482 585 545 obiecture
608 483 769 559 Pothino,

98 585 144 645 Et
168 582 269 645 levius
293 583 399 645 tabula
422 604 514 666 quam
538 583 699 649 Cicerone
721 605 861 649 nocens:

35 684 119 765 Quid
145 682 283 767 gladium
306 687 433 747 demens
457 688 602 749 Romana
625 685 757 769 stringis
779 685 811 750 in
833 683 915 751 orai'

97 787 176 849 Hoc
199 786 374 849 admisisset
397 808 456 849 nee
478 787 612 851 Catilina
636 788 738 850 nefas.

35 887 160 968 impius
181 887 312 950 infando
335 887 423 949 miles
446 880 664 970 corrumpitur
686 910 767 953 auro

97 990 144 1050 Et
167 988 261 1050 tantis
285 989 399 1070 opibus
424 1010 490 1052 vox
513 1000 597 1052 lacet
619 1012 679 1052 suna
703 989 774 1056 riui.

35 1088 118 1167 Quid
143 1101 279 1169 prosunt
300 1113 409 1168 sacrae
432 1092 573 1172 pretiosa
596 1092 716 1154 silentia
738 1092 898 1178 linguae?

96 1192 259 1274 Incipient
281 1215 390 1257 omncs
412 1215 474 1274 pro
498 1194 658 1258 Cicerone
681 1195 782 1279 loqui.

314 1355 428 1417 LXII.
461 1352 640 1416 Eiusdem.
675 1353 733 1431 (L.
757 1356 789 1416 1.
812 1352 882 1433 36.)

35 1461 87 1538 si,
113 1462 264 1537 Lucane,
290 1461 365 1537 tibi,
391 1463 443 1525 vel
466 1461 491 1524 si
514 1461 590 1538 tibi,
616 1463 727 1540 Tulle,
752 1466 920 1542 darentur,

97 1564 212 1642 Qualia
236 1562 357 1626 Ledaei
378 1563 442 1626 lata
465 1565 615 1626 Lacones
637 1565 774 1642 habent,
870 1633 873 1637 ,

34 1667 162 1730 Nobilis
187 1667 266 1728 baec
289 1677 372 1728 esset
393 1665 519 1748 pietatis
542 1665 616 1728 rixa
637 1669 782 1742 (luobus,

95 1767 278 1846 Quodpro
298 1765 401 1828 fratre
424 1764 506 1829 mori
529 1768 625 1830 vellet
649 1780 782 1852 uterque
803 1767 909 1852 prior.

34 1866 164 1933 Dicerel
188 1867 327 1930 infernas
350 1879 381 1929 et
403 1864 459 1949 qui
480 1868 572 1951 prior
594 1868 668 1931 isset
691 1872 730 1932 ad
752 1872 899 1933 umbras:

96 1968 185 2032 Vive
208 1980 284 2044 tuo,
308 1969 427 2043 frater,
451 1979 618 2052 tempore,
641 1969 716 2034 vive
739 1991 826 2035 meo.

307 2104 440 2172 LXIII.
469 2107 646 2173 Eiusdem.
676 2111 736 2187 (L.
759 2109 792 2173 9.
810 2109 883 2188 52.)

35 2219 281 2299 Quodsemper
303 2239 455 2298 superos,
480 2216 583 2281 invito
604 2219 723 2295 fratre,
747 2218 890 2304 rogasti,

93 2321 190 2395 Hoc,
215 2322 367 2395 Lucane,
391 2317 450 2381 tibi
473 2319 630 2403 contigit,
655 2331 725 2384 ante
748 2320 842 2387 mori.
916 2332 920 2345 ·

32 2420 158 2484 Invidet
181 2420 233 2484 ille
255 2421 333 2482 tibi:
357 2421 484 2504 Stygias
507 2440 578 2483 nam
602 2421 715 2484 Tullus
737 2425 777 2485 ad
799 2424 908 2489 undas,

94 2524 259 2604 Optabat,
284 2521 428 2604 quamvis
451 2522 492 2584 sit
513 2522 633 2598 minor,
657 2521 706 2585 ire
727 2523 833 2605 prior.

33 2625 84 2687 Tu
107 2623 189 2688 eolis
212 2623 341 2703 Elysios
364 2622 568 2707 nemorisque
591 2624 752 2687 habilator
773 2624 899 2689 amoeni

93 2727 178 2789 Esse
200 2735 256 2788 tuo
279 2724 416 2805 priunum
438 2746 521 2786 nttnc
543 2725 609 2786 sine
631 2726 731 2788 lralre
753 2724 856 2807 cupis.

32 2827 74 2889 Et
97 2827 125 2889 si
148 2825 208 2889 iam
231 2825 335 2889 nitidis
358 2826 499 2889 alternus
523 2826 607 2888 venit
629 2828 669 2888 ab
692 2827 806 2901 astris,

92 2929 166 2994 Pro
187 2928 324 2993 Polluce
347 2948 456 2992 mones
480 2922 618 2992 Castora
640 2948 679 2989 ne
701 2930 823 2991 redeat.

174 3042 178 3051 '
284 3069 414 3132 aare.
447 3065 626 3131 nemnem.
660 3067 718 3143 (n.
742 3067 793 3127 so.
818 3064 889 3144 rs.)

32 3176 96 3240 lam
124 3187 269 3241 numerat
291 3176 419 3260 placido
441 3176 520 3240 felix
542 3173 702 3240 Antonius
724 3195 806 3238 aevo

92 3278 286 3360 Quindecies
309 3291 393 3341 actas
416 3278 544 3344 Primus
569 3276 793 3358 Olympiadas;

30 3380 295 3462 Praeteritosque
317 3380 382 3443 dies
404 3391 436 3442 et
458 3374 698 3460 totos‘respicit
719 3398 839 3454 annos,

89 3485 165 3547 Nec
188 3480 297 3544 metuit
319 3482 440 3544 Lethes
461 3480 521 3543 iarn
544 3479 709 3562 propioris
732 3499 841 3563 aquas.

29 3585 127 3647 Nulla
150 3583 333 3647 recordanti
355 3584 410 3644 lux
433 3594 480 3645 est
501 3582 626 3665 ingrata
651 3581 843 3665 gravisque;

90 3686 189 3747 Nulla
212 3684 317 3759 subit,
340 3684 429 3746 euius
452 3704 516 3746 non
537 3673 715 3746 meminisse
738 3683 827 3746 velit.

29 3786 174 3868 Ampliat
195 3786 305 3848 aetatis
327 3785 461 3866 spatium
484 3784 543 3847 sibi
566 3785 616 3847 vir
638 3787 761 3848 bonus:
785 3785 920 3848 honest

90 3886 218 3951 Vivere
240 3886 308 3965 bis,
336 3887 399 3949 vita
421 3907 516 3969 posse
538 3885 648 3969 priore
668 3883 749 3947 frui.

295 4027 408 4091 LXV.
444 4025 623 4090 Eittrdem.
661 4025 719 4101 (L.
745 4022 797 4087 12.
821 4024 890 4101 ld.)

31 4135 149 4211 Unice,
175 4147 318 4219 cognato
340 4134 479 4198 iunctum
504 4135 580 4198 mihi
600 4122 753 4218 sanguine
776 4154 909 4209 nomen,

93 4237 223 4324 Quique
246 4235 331 4323 geris
354 4235 465 4300 studiis
488 4238 587 4301 corda
609 4235 789 4318 propinqua
812 4231 905 4293 meis:
