2736 4748
82 357 189 429 Srrnt,
211 354 336 417 faleor:
363 350 466 416 medio
489 349 673 434 scripsimus
695 352 746 416 illa
769 353 832 417 die.
874 349 879 358 ’

11 461 72 521 Tu
94 459 234 521 latebras
256 459 416 521 obscurus
439 477 545 533 amas,
573 455 643 538 quia
667 455 782 518 lruuine
805 454 893 518 narllo

81 561 192 642 Alque
215 558 401 647 iulernpesla
424 559 566 651 scribere
589 569 684 620 nocle
706 558 805 620 soles.

176 720 308 782 CVIII.
351 715 530 780 Eiusdem.
578 714 753 779 Venetiae.
788 715 846 793 (L.
872 716 902 775 l.
928 714 997 791 36.)

14 829 163 893 Viderat
183 826 356 889 Hadriacis
375 804 537 889 ‘Venetam
564 826 732 906 Neptunus
754 825 785 887 in
809 825 900 885 undis

83 933 177 992 Stare
199 926 308 991 urbem
333 938 364 1015 et
385 938 456 989 toto
479 945 601 1008 ponere
623 927 690 988 iura
714 927 814 988 mari:

12 1034 140 1106 „Nunc
164 1029 239 1092 milri
261 1029 418 1109 Tarpeias
442 1028 663 1112 quantumvis,
689 1028 856 1109 luppiter,
883 1048 972 1089 arces
1074 1096 1078 1101 ,

85 1131 202 1194 Obiiee
225 1130 331 1193 stilla
354 1129 398 1192 lui
421 1131 544 1192 moenia
569 1128 730 1203 Illarlis,''
755 1129 810 1190 ait.

13 1234 78 1309 „si
101 1235 229 1315 Pelago
253 1231 378 1293 Tibrim
401 1231 566 1311 praefers,
592 1233 700 1292 urbem
724 1230 830 1311 aspice
853 1242 1042 1314 ulraruque:
1124 1232 1142 1294 5
1193 1278 1195 1283 -

83 1334 177 1397 Illam
201 1333 346 1396 homiues
369 1332 475 1406 dices,
501 1331 582 1394 hanc
603 1330 748 1412 posuisse
772 1332 879 1396 deos.'’

60 1492 158 1556 CIX.
202 1489 382 1554 Eiusdem.
426 1490 468 1553 In
489 1489 660 1551 tumulum
683 1488 855 1552 Neaerae.
893 1491 949 1565 (L.
976 1448 1005 1550 l
1031 1490 1098 1563 42.)

16 1602 114 1681 Quane
137 1598 260 1663 voces?
284 1598 466 1662 Charitum.
491 1599 603 1678 'Quae
625 1598 743 1661 circum
765 1598 908 1679 pompa?
939 1602 1095 1663 Neaerae.

82 1705 178 1766 Unde
201 1703 284 1764 odor
306 1699 383 1762 hic?
406 1698 516 1764 Cineri
538 1701 630 1762 thura
655 1699 810 1762 minislrat
833 1702 950 1765 Auror.

16 1806 116 1867 Unde
137 1801 242 1885 pyra?
264 1804 316 1865 Ex
339 1802 503 1883 pharetra.
547 1801 681 1881 Quinam
705 1801 875 1864 struxere?
897 1804 1057 1883 Lepores.

82 1906 149 1968 Ast
171 1903 461 1966 haee-illacrimans
484 1923 565 1986 quae
588 1903 666 1985 legit
689 1902 784 1965 ossa?
806 1905 934 1967 Venus.

15 2006 200 2069 Fortunale
221 2004 302 2085 lapis
325 2004 510 2087 lumuloquc
532 2005 657 2067 beatior
679 2004 788 2079 ouini,
1124 2006 1142 2066 5

81 2110 137 2170 Tu
158 2106 240 2190 legis
263 2105 295 2167 in
318 2104 411 2167 terris
434 2106 460 2167 si
484 2105 560 2188 quid
582 2106 716 2170 lionoris
740 2117 821 2170 erat.

183 2266 257 2328 CX·
300 2262 479 2327 Eiusdem.
524 2263 582 2327 Ad
602 2265 657 2326 Ru
682 2284 753 2326 um.
787 2264 845 2341 (L.
872 2264 902 2327 1.
927 2264 992 2344 1182)

17 2375 197 2457 Tamquam
220 2371 325 2454 prisca
350 2374 425 2438 mihi
448 2394 593 2456 saxoque
616 2372 745 2436 invenla
766 2386 895 2438 vetristo

79 2475 249 2550 Disticha,
274 2474 361 2538 Rufe
374 2518 392 2557 „v
408 2476 493 2540 soles
515 2495 609 2556 saepe
631 2476 757 2539 referre
779 2488 846 2543 trra.

17 2578 158 2640 Slulurm
182 2578 263 2640 adeo
283 2592 357 2652 me,
382 2577 489 2650 Rufe,
514 2576 631 2658 pulos?
653 2579 729 2660 Ego
751 2588 815 2639 tam
837 2578 918 2653 mala
942 2581 1066 2640 credam

81 2677 233 2742 Carmina
255 2678 405 2740 Romano
427 2698 587 2742 marmore
608 2699 705 2760 posse
728 2679 817 2762 lagi?

17 2781 226 2843 Archemoro
251 2780 369 2863 longos
392 2779 516 2863 affingis
539 2781 688 2843 Nestoris
711 2801 829 2856 anuos3

78 2883 326 2944 Andromaches
347 2902 481 2962 puerum
505 2884 726 2945 Laomedonta
749 2904 859 2947 vocas.

17 2979 139 3044 Desine
163 2982 290 3045 mentiri
311 2982 437 3062 Pyliam
461 2982 702 3068 Phrygiamque
724 2971 904 3048 senectam:

77 3085 157 3146 Sint·
173 3095 282 3147 velera
303 3085 385 3148 haec
407 3084 494 3162 aliis,
520 3085 562 3147 mi
583 3106 667 3149 nova
691 3107 817 3167 semper
840 3099 944 3155 erum.

77 3242 176 3304 CXI.
212 3241 391 3303 Eiusdem.
426 3244 480 3304 De
503 3242 675 3306 Aeneae!
697 3241 847 3306 Didone.
881 3244 937 3321 (L.
961 3244 991 3313 l.
1017 3246 1088 3323 511.)

21 3346 192 3411 lurmemor
215 3351 253 3410 alr
278 3350 410 3412 miserae
432 3372 490 3412 cur
513 3372 617 3414 ensem
641 3352 755 3435 linquis
778 3353 905 3429 Elisae,

77 3453 168 3512 Nate
191 3449 274 3511 dea?
296 3451 454 3534 prol'ugas
477 3473 542 3514 non
565 3465 679 3535 gravat
702 3453 756 3515 illc
779 3467 875 3517 cales.

25 3551 110 3614 dune
135 3573 247 3632 parurn
270 3548 375 3615 isserat
397 3574 523 3615 caussam
546 3556 620 3617 dare
644 3554 757 3617 morlis
780 3558 931 3634 acerbae,
974 3548 977 3555 ⁴

75 3653 125 3716 Ni
145 3652 269 3715 ferrum
292 3653 419 3738 fugiens
442 3667 475 3718 lu
499 3677 627 3738 quoqne
641 3648 739 3718 'triste
762 3656 875 3721 dares?

28 3752 134 3841 folle,
159 3775 296 3835 precor,
320 3756 455 3817 tumidas
479 3754 582 3819 leesrm
604 3757 686 3833 hoc,
711 3757 771 3819 iam
796 3759 872 3820 tolle
894 3780 953 3841 per
977 3765 1095 3828 undas:
1121 3754 1151 3828 5'

72 3856 253 3941 Discessu,
277 3856 352 3918 salis
374 3852 441 3932 est,
465 3858 491 3937 si
512 3858 596 3940 peril
617 3856 671 3919 illa
695 3870 764 3922 luo.

141 4013 255 4076 CXII.
298 4012 478 4078 Eiusdem.
522 4013 610 4078 Dies
631 4013 790 4097 geninlr's.
824 4019 883 4095 (L.
905 4018 937 4085 l·
962 4022 1030 4099 60.)

34 4084 150 4211 incoli,
176 4121 335 4202 perfunde
358 4123 434 4186 meis
456 4135 619 4207 unguenta
643 4124 766 4206 capillis

37 4260 40 4327 ξ
75 4227 132 4288 Tu
154 4244 279 4305 super,
296 4236 328 4287 et
351 4245 466 4289 vernas
488 4212 629 4309 sparge,
653 4227 823 4305 Nearehe,
848 4248 953 4293 rosas.
