2762 4760
195 169 236 231 56

194 323 327 390 Destitit
348 335 384 389 ut
402 323 517 389 mulier
538 322 645 408 spatio
667 324 790 389 defessa
812 335 954 395 vetusto.

194 429 304 492 Mutat
326 426 408 491 enim
432 425 540 491 mundi
559 437 703 489 naturam
724 424 823 491 totins
845 438 930 491 actas

193 528 402 616 Ex'alioque
424 528 505 592 alius
524 540 623 592 status
645 528 796 610 excipere
817 528 923 593 omnia
944 532 1038 592 debet

192 635 265 697 Nec
285 643 387 695 manet
407 631 470 694 ulla
490 630 538 695 sui
558 629 670 694 similis
690 652 762 694 res:
789 630 895 695 omnia
917 629 1075 716 migrant,

194 734 311 800 Omnia
332 745 506 799 commutat
525 735 649 797 Natura
671 744 703 797 et
728 743 860 798 vortere
885 732 989 818 cogit.

192 839 340 921 Namque
359 834 444 899 aliud
461 835 617 918 putrescit
639 847 670 899 et
691 855 772 899 aevo
796 834 900 898 debile
921 835 1072 920 languet:
1269 833 1345 896 830

196 941 308 1004 Porro
330 937 416 1001 aliud
440 936 622 1002 concrescit
644 949 676 1001 et
696 958 713 1000 e
734 936 972 1020 contemptibus
991 937 1071 1000 exit.

192 1041 247 1106 Sic
266 1040 366 1125 igitur
388 1040 495 1102 mnndi
517 1051 661 1103 naturam
682 1038 783 1103 totius
804 1050 890 1102 aetas

194 1146 303 1208 Mutat
325 1155 357 1207 et
377 1165 419 1205 ex
440 1142 505 1207 alio
526 1154 645 1205 terram
668 1152 766 1204 status
790 1140 913 1223 excipit
935 1141 1035 1205 altera

194 1246 293 1326 Quod
315 1244 436 1327 potuit,
459 1255 615 1330 nequeat;
638 1242 759 1327 possit,
782 1246 871 1330 quod
894 1264 959 1307 non
981 1242 1055 1306 tulit
1078 1254 1164 1307 ante.

258 1346 429 1432 Multaque
449 1357 514 1409 tum
537 1347 630 1410 tellus
651 1345 745 1408 etiam
768 1356 918 1428 portenta
942 1367 1053 1409 creare
1267 1344 1343 1408 835

195 1449 371 1525 Conatast,
395 1447 475 1512 mira
496 1447 579 1512 lacic
602 1440 816 1534 membrisque
839 1459 973 1524 coortam

194 1554 428 1634 Androgynem
449 1551 532 1615 inter
553 1561 640 1613 utras
661 1571 721 1612 nec
738 1561 904 1634 utramque
920 1561 952 1614 ct
964 1549 1111 1635 utrinque
1126 1561 1335 1614 remotum:

194 1654 287 1718 Orba
306 1655 422 1734 pedum
444 1652 578 1735 partim,
602 1673 748 1741 manuum
772 1651 900 1717 viduata
919 1650 1079 1727 vicissim;

194 1756 290 1819 Muta
310 1753 377 1817 sine
400 1775 458 1819 ore
481 1753 591 1830 etiam,
615 1754 681 1818 sine
707 1754 796 1818 voltu
820 1776 914 1819 caeca
934 1766 1081 1837 reperta3

193 1855 378 1941 Vinctaque
400 1860 617 1921 membrorum
639 1878 700 1938 per
720 1866 822 1920 totum
845 1878 965 1939 corpus
987 1858 1143 1920 adhaesu:
1267 1857 1343 1920 840

193 1960 264 2022 Nec
288 1959 396 2023 lacere
418 1970 452 2022 ut
474 1969 606 2042 possent
628 1959 801 2044 quidquam
824 1979 883 2022 nec
906 1961 1020 2022 cedere
1044 1979 1212 2044 quoquam

194 2063 265 2127 Nec
288 2061 390 2125 vitare
408 2061 523 2124 malum
544 2083 603 2124 nec
622 2082 762 2137 sumere,
786 2064 874 2147 quod
899 2060 987 2125 volet
1005 2082 1091 2123 usus.

259 2163 377 2227 Cetera
400 2167 438 2227 de
458 2184 575 2247 genere
592 2165 658 2227 hoc
682 2174 824 2226 monstra
846 2185 884 2226 ac
903 2174 1054 2245 portenta
1075 2166 1239 2227 creabat:

193 2265 438 2351 Nequidquam
461 2264 612 2352 quoniam
633 2266 758 2328 Natura
780 2265 953 2329 absterruit
973 2276 1119 2329 auctnms

192 2370 265 2434 Nec
287 2379 423 2451 potuere
446 2366 586 2450 cupitum
609 2367 873 2450 aetatisttangere
895 2368 1012 2432 florem
1272 2370 1345 2434 845

194 2471 266 2536 Nec
288 2469 433 2552 reperire
455 2468 562 2532 cibum
582 2490 642 2534 nec
665 2467 756 2553 iungi
772 2490 832 2551 per
850 2469 989 2534 Veneris
1010 2492 1076 2534 res.

199 2571 325 2648 Multa,
348 2570 509 2649 videmus,
532 2570 615 2635 enim
635 2572 732 2636 rebus
755 2591 951 2636 concurrere
972 2573 1106 2650 debent,

195 2676 241 2740 Ut
259 2677 475 2759 propagando
499 2671 624 2756 possint
645 2676 828 2756 procudere
848 2675 947 2739 secla.

195 2777 321 2842 Pabula
343 2775 481 2859 primum
503 2786 539 2839 nt
561 2774 644 2852 sint3
668 2774 818 2860 genitalia
841 2776 954 2841 deinde
975 2799 1036 2860 per
1059 2787 1145 2842 artus

128 2939 132 2945 .
195 2877 335 2955 Semina,
358 2899 438 2964 quae
460 2876 586 2961 possint
608 2877 759 2942 membris
773 2899 903 2944 manare
923 2878 1083 2956 remissis,
1272 2883 1346 2949 850

247 3113 309 3173 834.
328 3126 393 3188 qnod
410 3128 481 3183 tulit,
502 3133 529 3174 nt
545 3134 651 3189 nequeat
665 3129 744 3173 Bentl.
783 3124 843 3174 837.
862 3126 1048 3188 Androgynnm
1065 3128 1131 3172 inter
1150 3134 1264 3187 utrum,
1288 3146 1344 3178 nec

193 3202 325 3258 utrumqne
340 3205 365 3243 et
383 3198 499 3258 utrinque
521 3198 551 3243 ll.
583 3199 645 3244 Cum
657 3199 699 3247 W.
715 3197 792 3242 Codd.
807 3197 901 3243 etCod.
915 3202 974 3242 vett.
988 3199 1056 3255 sequi
1069 3199 1199 3243 maluimus
1216 3202 1246 3246 in
1258 3216 1343 3247 versu

193 3281 206 3312 e
228 3267 337 3323 Graeco,
368 3270 392 3313 ni
410 3268 497 3324 fallor,
516 3268 581 3313 fonte
602 3269 664 3313 baud
683 3269 755 3313 nimis
776 3267 879 3312 feliciter
896 3269 1007 3322 detorto,
1031 3268 1105 3312 veluti
1122 3282 1184 3313 nune
1200 3274 1345 3319 succurrit

194 3337 283 3393 Orphei
303 3337 390 3390 Hymn.
406 3335 453 3391 42,
473 3333 498 3381 4.
524 3329 637 3406 ἄρσενα
654 3335 707 3386 καὶ
723 3333 831 3401 ildino,
850 3332 942 3400 διφυῆ
961 3332 1082 3386 λύσειον
1094 3329 1234 3398 Ἴακχον.
1257 3343 1340 3389 Brix.

193 3404 320 3451 confirmat
337 3406 380 3450 W.
410 3407 536 3465 utrinque.
554 3406 625 3451 Libb.
655 3413 785 3466 utracunque
801 3408 838 3452 vcl
854 3411 985 3465 utrunque.
1023 3407 1136 3462 Spurium
1152 3409 1343 3456 iudicaverunt

192 3475 280 3521 Lamb.
299 3477 380 3520 Bentl.
400 3478 433 3519 al.
460 3475 577 3531 Explica:
605 3476 810 3535 „Androgynem‚
838 3481 949 3520 naturam
972 3478 1035 3521 inter
1054 3482 1120 3521 utras
1138 3478 1202 3522 velis
1226 3487 1341 3527 naturas

192 3546 289 3593 virilem
309 3559 336 3589 ac
354 3545 496 3591 muliebrem
517 3547 635 3601 positam,
661 3560 705 3590 nec
724 3551 800 3590 tamen
820 3552 945 3604 utramque
963 3536 1104 3607 (οὖσαν),
1133 3549 1287 3608 scalaeque
1309 3552 1343 3595 ab

195 3619 294 3674 utraque
307 3616 449 3660 remotam.”
462 3614 576 3661 Ceterum
586 3630 598 3661 e
607 3616 650 3665 Cd.
658 3616 687 3660 C.
695 3617 785 3661 inserui
796 3621 833 3671 et,
847 3616 980 3674 quodaW.
990 3616 1047 3661 etr.
1057 3615 1134 3661 abest.
1173 3613 1244 3664 839.
1259 3620 1343 3665 Libri

192 3690 251 3730 vett.
265 3685 384 3730 universi:
411 3685 500 3730 molto.
519 3692 587 3729 nauta
609 3700 638 3732 ex
657 3687 745 3730 Aldina
765 3686 830 3741 (cnm
848 3686 922 3736 Hau.)
942 3687 1034 3741 recepit
1050 3685 1093 3730 W.
1129 3685 1268 3733 Pertinent
1290 3692 1344 3735 hue

192 3768 278 3799 versus
294 3753 446 3809 Empedoclis
461 3769 500 3811 ap.
520 3755 629 3811 Peyron.
652 3769 707 3815 pag.
729 3751 771 3799 54.
791 3746 812 3819 ἢ
830 3750 936 3803 πολλαὶ
952 3751 1009 3816 μὲν
1027 3749 1137 3825 κόρσαι
1155 3749 1345 3820 ἁναύχενες

192 3819 392 3941 editiorque,
406 3822 520 3890 Γυμνοὶ
532 3821 554 3873 δ’
566 3821 751 3889 ἐμπλάζοντο
763 3822 923 3892 βραχίονες
938 3815 1050 3884 εὔνιδες
1061 3817 1161 3888 ὤμων,
1173 3817 1344 3890 Ὅμμαια

192 3894 216 3941 a‘
230 3889 266 3942 οἷ’
278 3888 313 3942 ἐπ
331 3889 425 3943 cadro
438 3889 640 3958 πενητεύοντα
651 3893 803 3958 μετώπων.
840 3890 900 3937 842.
913 3890 986 3953 soret
1001 3893 1030 3938 t..
1045 3896 1075 3938 tr.
1090 3895 1119 3942 F.
1131 3895 1240 3940 —Cnd
1253 3898 1292 3943 C.
1307 3900 1342 3944 E.

192 3963 264 4009 colet.
293 3964 410 4007 Futurum
428 3964 500 4008 indic.
519 3964 558 4008 hic
576 3964 616 4008 rix
634 3965 714 4008 locum
725 3963 813 4007 babet:
833 3964 886 4007 vide
900 3962 1017 4007 satuens
1028 3965 1087 4008 colit
1099 3977 1142 4019 pro
1156 3965 1241 4018 aeliu
1252 3964 1344 4024 soret

193 4046 250 4080 sane
268 4037 334 4078 recte
354 4046 379 4079 se
393 4033 507 4089 haberet3
527 4035 568 4078 sed
582 4032 740 4088 improbabile
754 4038 804 4086 est,
825 4046 854 4076 ex
864 4032 909 4076 hoc
921 4032 1009 4075 factum
1023 4046 1076 4078 esse
1089 4033 1162 4080 colet.
1204 4031 1276 4080 847.
1296 4037 1343 4082 de.

193 4101 252 4146 bent
264 4117 277 4147 c
291 4102 368 4148 Codd.
389 4102 481 4147 duobus
499 4104 542 4147 W.
563 4100 653 4146 debere
666 4102 758 4160 reliqui
776 4103 861 4154 (etiam
876 4100 919 4156 E.)
938 4106 961 4146 et
976 4102 1038 4147 Edd.
1058 4114 1152 4146 ornnes.
1173 4105 1241 4155 „sed
1267 4107 1343 4150 istud

150 4218 152 4224 ,
191 4170 372 4226 ltypcrmetrum
390 4185 487 4216 carmen
506 4172 530 4215 in
542 4170 683 4215 Lucretium
700 4185 747 4215 non
766 4175 857 4215 temere
875 4171 1018 4226 recipiam.”
1037 4173 1079 4216 W.
1110 4172 1211 4215 Talium
1225 4175 1343 4220 delicia-

196 4253 251 4288 turn
270 4246 362 4289 amator
381 4241 405 4289 in
423 4240 508 4297 primis
527 4245 579 4285 erat
597 4239 720 4294 Giianius,
740 4241 773 4284 ita
793 4245 817 4284 ut
836 4237 866 4297 2,
881 4237 941 4286 631.
961 4242 1087 4300 legendum
1105 4248 1283 4300 proponeret:
1307 4271 1344 4281 —
