2762 4762
1113 204 1184 265 355*

62 363 191 439 Purius,
216 361 359 442 Elysium
382 361 481 444 magis
503 358 660 424 mirabere
682 362 781 431 solem
865 368 870 377 '

61 464 270 546 cultoresque
293 463 380 546 pios.
424 461 496 525 Illic
518 461 692 543 pretiosior
714 474 819 536 aetas,
1111 458 1173 530 285

58 567 159 629 Aurea
186 565 361 648 progenies
382 563 544 641 habitant,
569 578 757 647 semperque
781 575 940 639 tenemus,

57 668 147 745 Qruod
171 667 279 747 superi
302 664 587 738 meruereseme13
611 685 670 726 nec
691 664 800 728 mollia
823 668 935 729 desunt

55 769 147 830 Prata
172 766 241 831 tibi.
285 764 445 847 Zephyris
467 765 530 828 illic
551 764 736 828 melioribus
758 767 866 828 balant

56 869 204 950 Perpetui
225 867 342 942 flores,
366 887 448 948 quos
470 887 529 928 nec
550 876 602 929 tua
625 866 757 946 protulit
779 869 906 930 Henna.

55 969 109 1030 Est
131 969 225 1031 etiam
248 967 327 1030 lucis
349 970 449 1031 arbor
471 968 641 1048 praedives
665 969 793 1049 opacis,
1110 972 1173 1036 290

56 1070 226 1152 Fulgentes
248 1068 342 1131 viridi
364 1089 472 1131 ramos
494 1080 627 1130 etrrvata
652 1069 803 1133 metellos

56 1171 141 1232 Haec
164 1169 220 1231 tibi
242 1189 331 1231 sacra
355 1172 448 1231 datur
470 1169 732 1252 fortunatumque
754 1169 877 1234 tenebis
980 1217 981 1220 ,

54 1271 264 1333 Arietumunm
288 1278 322 1333 et
341 1268 440 1333 fulvis
463 1290 590 1350 semper
612 1269 756 1333 ditabere
776 1270 896 1353 pomis.

93 1374 201 1436 Parva
226 1373 357 1453 loquor.
403 1370 565 1453 Quidquid
588 1371 725 1455 liquidus
747 1372 973 1453 complectitur
995 1375 1071 1449 a'e'r,

55 1471 214 1554 Quidquid
237 1470 291 1533 alit
313 1472 425 1546 tellus,
451 1471 605 1555 quidquid
626 1472 699 1535 salis
723 1493 863 1555 aequora
885 1486 1043 1551 verrunt,
1108 1474 1183 1540 295ι

5 1594 6 1657 3
55 1573 148 1651 Qstod
169 1571 260 1634 flttvii
284 1571 435 1647 volvunt,
465 1575 552 1655 quod
575 1573 738 1636 nutrivere
760 1575 916 1654 paludes,
979 1582 983 1589 ’

5 1662 8 1741 i
56 1672 177 1738 Cttncta
200 1673 262 1736 tuis
283 1674 406 1756 pariter
427 1675 542 1736 cedent
567 1673 859 1759 aniusaliameguis,

5 1832 6 1839 ,
53 1773 175 1837 Lunari
198 1774 340 1838 subiecta
364 1775 485 1857 globo,
510 1774 563 1857 qui
585 1776 737 1855 septiurus
761 1797 854 1839 autres

5 1872 6 1879 '
53 1874 162 1937 Ambit
185 1885 217 1936 et
238 1874 376 1937 'aeternis
399 1876 546 1938 mortalia
569 1888 697 1955 separat
720 1879 826 1941 astris.

53 1977 122 2038 Sub·
141 1986 193 2036 tua
217 1976 373 2056 purpurei
395 1975 524 2038 venient
547 1976 821 2060 vestigia'r'eges,

52 2075 212 2157 Deposito
236 2076 331 2153 luxu,
355 2078 448 2139 turba
472 2098 541 2139 cum
565 2098 703 2158 paupere
727 2080 830 2143 minti.

53 2176 166 2240 Omnia
191 2198 277 2239 mors
302 2188 430 2261 aequat.
475 2179 527 2241 Tu
550 2180 732 2241 damnatura
757 2191 925 2257 nocentes,

5 2322 7 2343 ‚
53 2280 101 2340 Tu
124 2276 269 2361 requiem
292 2278 394 2343 latura
418 2277 499 2360 piis:
523 2290 554 2341 te
577 2280 679 2343 iudice
701 2293 809 2344 sontes

50 2374 203 2455 Improba
227 2384 386 2458 cogentur
409 2375 491 2438 vitae
514 2375 678 2439 commissa
702 2376 809 2441 fateri.

50 2473 172 2557 Accipe
195 2477 340 2539 Lethaeo
360 2475 495 2539 lamrrlas
518 2497 587 2541 eum
619 2476 748 2560 gurgite
770 2479 907 2553 Parcas3
1033 2488 1035 2493 ’
1108 2466 1171 2545 305

52 2575 98 2637 Sit
118 2575 221 2639 fatum
244 2579 457 2659 quodcunque
481 2578 595 2639 volesr
608 2608 649 2620 -

252 3087 704 3163 nennptttttttt
744 3087 971 3165 SICULI

356 3297 652 3365 ECLOGA
705 3299 871 3362 VIII.
959 3308 962 3317 “

383 3678 614 3757 ΤΙΜΕΤΑὸ,
639 3681 853 3745 TITYRUS.

89 3813 186 3876 Tim.
230 3813 316 3876 Dum
340 3814 456 3879 fiscella
481 3816 540 3880 tibi
565 3817 703 3892 fltrviali,
728 3817 858 3895 Tityre,
882 3807 979 3882 iunco

50 3913 191 3976 Texitur
213 3927 244 3978 et
265 3916 372 3979 raucis
394 3927 547 3981 resonant
568 3929 620 3981 tua
643 3939 717 3981 rura
741 3919 874 3995 cicadis,

49 4014 182 4096 Incipe,
206 4015 233 4078 si
256 4020 343 4100 quod
365 4002 463 4098 habes
486 4010 599 4102 gracili
622 4022 681 4081 sub
706 4020 856 4082 arundine
880 4042 1019 4109 carmen⁴

51 4116 295 4197 Compositum.
340 4121 421 4197 Naro
445 4130 476 4182 te
501 4123 639 4204 calamos
663 4122 772 4182 inflare
795 4113 911 4184 labello
932 4200 936 4209 N

50 4220 123 4282 Pan
151 4220 259 4283 docuit
284 4241 446 4306 versuque
468 4204 651 4287 bonns'tibi
671 4223 752 4286 savit
775 4224 910 4307 Apollo.
