2750 4744
526 341 701 404 SATIRA
731 342 901 406 SEXTA.

255 461 411 529 Admovit
433 462 492 524 iarn
514 462 627 522 bruma
649 461 728 525 ioco
750 473 801 536 te,
826 464 944 540 Basse,
971 464 1119 528 Sabino?

214 569 323 631 Iamne
344 567 415 646 lyra
438 576 470 627 et
491 564 607 626 tetrico
631 563 742 626 vivunt
762 564 823 627 tibi
840 565 970 646 pectine
993 567 1162 631 chordae?

214 670 301 733 Mire
324 667 437 750 opifex
459 666 597 729 numeris
620 677 764 729 veterum
787 667 962 749 primordia
986 690 1104 732 vocum

214 772 326 854 Atque
348 791 467 833 marene
489 769 654 851 strepitum
677 769 748 831 fidis
770 768 940 833 intendisse
961 771 1118 847 Latinae,

215 875 303 937 Mox
324 871 457 936 iuvenes
479 870 602 956 agitare
623 870 714 934 iocos
738 881 770 933 et
791 871 910 953 pollice
932 874 1070 937 honesto

214 973 378 1059 Egregios
400 973 513 1036 lusisse
536 971 648 1035 senes?
669 1003 711 1015 -
733 972 818 1035 Mihi
839 995 925 1036 nnnc
947 974 1052 1059 Ligus
1076 997 1135 1039 ora

214 1077 342 1159 Intepet
364 1077 573 1158 hibernatque
595 1096 698 1137 menan
721 1096 824 1151 mare,
849 1097 911 1158 qua
934 1077 1016 1139 latus
1039 1078 1155 1162 ingens

215 1181 304 1243 Dant
324 1178 449 1259 scopuli
471 1188 502 1240 ct
523 1174 621 1239 mrilta
643 1176 717 1239 litus
740 1198 774 1239 se
798 1178 880 1240 valle
903 1190 1062 1260 receptat.

213 1279 340 1356 ,Lunai
361 1291 490 1362 portum
514 1290 562 1341 est
584 1299 701 1360 operae
723 1301 944 1364 cognoscere,
969 1282 1104 1343 cives!”

215 1382 286 1447 Cor
307 1381 396 1445 iubet
417 1366 481 1445 hoc
502 1379 605 1454 Enni,
630 1391 801 1463 postquam
824 1381 992 1445 destertuit
1014 1404 1083 1447 esse
1142 1424 1150 1435 ι

215 1483 428 1558 Maeonides,
453 1482 589 1563 Quintus
611 1503 739 1564 pavone
762 1505 804 1545 ex
825 1485 1052 1569 Pythagoreo.

214 1587 280 1650 Hic
300 1608 363 1671 ego
386 1607 516 1648 securus
541 1584 631 1668 volgi
651 1596 683 1647 et
705 1584 781 1668 quid
802 1598 973 1668 praeparet
997 1587 1120 1650 Auster

215 1688 332 1752 Infelix
353 1686 484 1769 pecori3
508 1707 639 1748 securus
662 1698 711 1762 et,
736 1689 870 1772 angulus
892 1688 945 1751 ille

215 1789 326 1852 Vicini
348 1801 460 1853 nostro
482 1774 556 1871 qnia
577 1788 742 1873 pinguior.
787 1790 860 1853 Etsi
882 1794 962 1856 adeo
986 1812 1096 1855 omnes

214 1890 381 1956 Ditescant
404 1890 470 1954 orti
491 1890 675 1972 peioribus,
699 1913 800 1974 usqne
822 1895 966 1956 recusem

215 1991 345 2057 Currus
368 1996 410 2058 ob
432 1993 464 2055 id
486 1991 583 2055 minui
603 1992 693 2056 senio
716 2005 770 2055 aut
792 2005 929 2057 coenare
953 1995 1021 2059 sine
1044 2010 1142 2061 uncto

215 2097 260 2160 Et
281 2095 408 2180 signum
430 2094 463 2157 in
489 2094 601 2177 vapida
625 2116 703 2160 naso
726 2095 877 2179 tetigisse·
890 2100 1017 2182 lagena.
1042 2132 1081 2142 -

215 2184 388 2279 Diserepe't
409 2197 457 2259 his
480 2198 571 2260 alins.
616 2198 790 2273 Geminos,
815 2200 1024 2282 horoscope,
1053 2224 1133 2266 varo

216 2300 377 2365 Producis
399 2298 516 2383 genio!
542 2299 626 2365 Solis
649 2299 806 2362 natalibus
828 2312 876 2364 est
898 2302 953 2385 qui

217 2401 337 2484 Tingat
359 2401 429 2463 olus
452 2402 570 2464 siccum
594 2402 692 2464 muria
715 2401 860 2465 valerio
883 2404 980 2467 calice
1004 2418 1129 2489 erupta,
1161 2405 1164 2409 ’
1301 2410 1336 2471 10

215 2502 291 2584 lpse
313 2524 436 2565 sacrum
457 2503 602 2568 irrorans
625 2504 749 2587 patinae
771 2505 877 2588 piper.
923 2507 988 2570 Hic
1009 2510 1094 2573 bona
1118 2513 1213 2573 dente

285 2702 402 2749 SATlltd
420 2706 464 2750 Vl.
512 2703 536 2750 3.
556 2704 651 2764 sociem]
678 2706 767 2752 Omnes
785 2708 843 2752 snei.
894 2706 918 2752 lt.
946 2727 980 2744 ι·
998 2708 1083 2768 Adque
1099 2714 1130 2756 V.
1179 2711 1204 2759 5.
1229 2734 1256 2743 -
1277 2710 1334 2756 Moe
1363 2728 1364 2767 l

216 2774 312 2818 iuvenis
330 2774 360 2818 E.
410 2775 447 2819 lb.
467 2797 502 2811 -
519 2777 633 2836 cogitare
646 2775 733 2820 suedos
751 2777 781 2821 F.
804 2799 829 2809 —
852 2778 968 2836 agitasse
990 2779 1058 2824 iocos
1077 2781 1113 2824 M.
1154 2780 1179 2826 6.
1199 2778 1335 2841 Egregios]
1363 2772 1364 2829 l

217 2844 306 2889 Omnes
331 2844 388 2888 mei.
437 2842 463 2889 8.
491 2864 525 2877 -
554 2846 614 2889 litus
639 2845 718 2889 multo
748 2846 801 2890 ΤΑ.
852 2843 875 2891 9.
902 2846 1062 2907 cognoscere]
1088 2851 1114 2894 S.
1143 2873 1172 2883 -
1194 2853 1335 2910 cognoscite
1363 2834 1364 2887 l

216 2913 363 2958 'rnvssuun
403 2910 443 2959 10.
464 2937 496 2947 ·-
514 2913 627 2958 destituit
644 2915 675 2958 T.
695 2936 730 2950 -
745 2928 826 2972 pavus
843 2930 917 2974 quum
939 2915 1036 2962 destitit
1052 2932 1108 2962 esse
1128 2919 1190 2964 God.
1210 2921 1336 2964 Douzanus

216 2983 320 3028 Charisii
335 2984 394 3038 apud
407 2984 527 3027 Merulam
539 2982 605 3027 Eun.
626 2996 650 3038 p.
672 2981 713 3030 69.
736 2983 777 3029 11.
795 3009 828 3019 -
847 2983 956 3044 etpyth.
977 2987 1007 3034 T.
1031 2986 1072 3032 12.
1093 3012 1125 3021 -
1145 2991 1218 3050 vulgi
1235 2989 1297 3049 quid
1311 2990 1335 3032 lt.

217 3050 432 3099 1³.-t11ten.
480 3050 521 3097 16.
541 3073 576 3087 -
594 3051 687 3098 Gorsus
708 3054 738 3098 R.
775 3054 813 3098 lb.
833 3074 867 3088 -
886 3061 1018 3100 etceucre
1037 3060 1073 3102 M.
1120 3058 1160 3103 18.
1185 3082 1214 3093 -
1235 3059 1337 3104 Discre-

212 3129 259 3181 pct
284 3124 320 3170 Μ.
371 3119 413 3168 20.
441 3147 473 3156 —
500 3124 600 3183 tinguet
628 3123 664 3166 M.
714 3123 749 3169 lb.
778 3144 809 3157 -
835 3121 907 3168 holus
929 3126 1033 3170 TVEM.
1086 3128 1123 3175 lb.
1149 3149 1184 3162 -
1207 3135 1292 3187 empto
1311 3128 1334 3171 t.

216 3191 259 3237 tt.
280 3191 378 3237 -Ille
402 3193 437 3237 M.
487 3191 523 3236 lb.
543 3213 577 3226 -
593 3193 667 3251 piper
682 3192 801 3237 irrorans
814 3194 964 3250 patincsll.
1031 3250 1035 3254 ᾗ

285 3355 401 3400 suttuu
419 3356 462 3401 Vl.
515 3353 540 3404 3.
556 3354 701 3414 primordio
725 3369 812 3400 rerum
829 3370 851 3399 r.
901 3352 924 3400 6.
944 3353 1076 3416 Egregius
1095 3372 1150 3402 curn
1167 3360 1282 3404 Bentleio
1303 3373 1334 3415 rp-
1363 3334 1364 3405 1

211 3425 243 3487 ,9.
262 3426 405 3488 cognoscite
422 3426 468 3482 pP.
1257 3427 1260 3431 '

226 3612 229 3615 ·
285 3589 400 3634 Sh'l'lllh
414 3589 456 3633 Vl.
479 3586 502 3633 1.
517 3589 582 3634 Hanc
592 3590 690 3633 satiram
701 3589 785 3634 scribit
794 3590 929 3635 Persinsad
943 3589 1054 3635 Caesium
1064 3591 1166 3635 Bassum
1174 3622 1181 3645 ,
1196 3593 1299 3646 poetam
1310 3595 1337 3645 lt·

216 3663 301 3714 rieurn,
322 3673 392 3718 quem
407 3659 471 3702 fama
480 3664 530 3714 est,
545 3660 568 3703 in
581 3659 685 3716 praediis
699 3661 748 3704 suis
758 3662 863 3715 positum
871 3692 877 3714 ‚
889 3662 987 3705 ardente
997 3661 1124 3715 Vesuvio,
1144 3666 1227 3705 monte
1240 3662 1337 3718 Campe·

209 3732 270 3776 ariae
294 3734 318 3775 et
341 3731 387 3773 late
415 3728 510 3783 ignibus
534 3730 683 3782 abundante,
713 3744 767 3774 cuin
790 3731 847 3774 villa
869 3743 912 3774 sua
930 3736 1009 3774 ustum
1028 3743 1093 3774 esse.
1142 3730 1187 3773 Hie
1204 3744 1270 3789 ergo
1289 3733 1337 3775 daut

215 3802 320 3860 viveret,
339 3798 417 3843 Roma
430 3800 458 3842 ad
477 3799 579 3844 Sabinos
594 3800 732 3845 necessario
753 3801 887 3854 transibat,
909 3801 948 3843 ubi
964 3800 1067 3844 brumali
1084 3804 1193 3854 ternpore
1215 3801 1243 3844 in
1267 3803 1337 3845 calido

216 3874 269 3916 loco
288 3870 394 3914 carmina
406 3869 536 3914 scribebat.
576 3867 599 3915 6.
618 3867 686 3914 Mihi
703 3884 768 3915 nunc
786 3869 868 3930 Ligus
886 3867 944 3928 osc]
963 3871 994 3914 Se
1007 3872 1085 3926 ipsum
1100 3869 1202 3913 Persius
1221 3869 1338 3929 significat

216 3943 347 3987 secessisse
371 3941 394 3984 in
416 3940 530 3999 Liguriae
551 3937 628 3993 lines,
661 3940 771 3984 videlicet
804 3944 903 3995 propter
932 3940 1042 3983 Fulvium
1070 3939 1207 3982 Sisenniaut
1239 3945 1338 3984 matr-sn
1363 3962 1364 3965 =

216 4025 298 4065 snam,
331 4024 391 4067 quoe
416 4015 472 4064 post
494 4012 599 4052 inertem
617 4009 708 4062 prioris
728 4010 775 4053 viai
796 4011 830 4054 ibi
850 4014 922 4064 nupta
938 4015 1000 4053 erat.
1048 4005 1072 4051 7.
1092 4004 1229 4065 Hiber-not]
1245 3998 1337 4060 'suerin

217 4082 254 4123 vel
267 4094 281 4122 a
299 4080 399 4136 navigiis
414 4081 493 4121 vacat.
530 4075 680 4118 sicutenim
699 4089 771 4121 naves
786 4079 916 4123 hibernare
934 4079 1054 4132 dicimus,
1075 4078 1149 4122 sicet
1165 4091 1251 4132 unare,
1273 4091 1339 4136 quon

218 4161 264 4190 noo
294 4149 429 4204 navigatur.
484 4142 509 4188 9.
538 4143 605 4187 Hunc
632 4154 729 4187 versuun
758 4148 787 4191 ad
814 4161 883 4193 sunm
909 4162 1006 4194 carmen
1037 4149 1066 4192 de
1093 4147 1164 4192 Ennii
1193 4149 1338 4195 carminibus

218 4216 349 4259 transtulit.
