2750 4744
227 199 288 261 166

292 355 378 420 Solis
399 366 431 417 et
452 353 561 417 atratis
584 352 703 414 luxerit
727 351 816 415 orbis
840 350 950 433 equis:

228 458 297 523 Cur
318 468 409 521 'serus
433 476 565 518 versare
587 456 688 517 boves
713 463 746 514 et
771 454 914 534 plaustra
936 453 1082 516 Bootes:

290 560 453 623 Pleiadum
472 557 577 637 spisso
593 567 659 617 ‘eru
681 557 748 617 coit
765 553 840 635 igne
864 555 1003 617 chorus:

228 660 339 726 Corve
360 679 437 722 suos
459 658 540 721 fines
563 657 659 718 altum
686 677 750 719 nou
774 667 867 717 exeat
889 675 1032 740 aequor,

288 764 408 829 Plenus
431 775 463 826 et
482 760 514 824 in
540 771 648 842 partes
672 769 826 842 quattuor
845 777 946 820 annus
966 767 1035 819 eat:

227 868 294 930 Suu
316 866 410 929 terris
432 864 494 928 siut
515 863 583 927 iura
607 866 699 926 detlm
723 873 754 923 et
776 870 935 924 tormenta
958 858 1142 945 gigantum

289 969 481 1050 Tisiphones
506 978 577 1030 atro
600 966 627 1028 si
648 966 728 1028 furit
751 985 855 1047 angue
877 976 994 1045 eaput3

226 1073 295 1135 Aut
316 1067 545 1134 Alcmaeoniae
566 1067 671 1131 furiae
694 1077 747 1128 aut
768 1065 884 1128 ieiunia
908 1065 1041 1139 Phinei;

289 1175 375 1234 Num
398 1183 487 1245 rote,
512 1190 585 1230 num
609 1168 751 1248 scopuli,
776 1188 849 1229 nuru
873 1165 940 1229 sitis
962 1169 1044 1230 iuter
1067 1187 1186 1251 aquas;

226 1275 311 1336 Num
334 1273 435 1335 tribus
459 1270 618 1332 infernum
641 1268 782 1331 custodit
803 1268 949 1330 laticibus
973 1279 1097 1332 antrum

293 1373 457 1437 Cerberus
480 1384 510 1434 et
534 1371 633 1449 Tityo
656 1370 767 1452 iugera
791 1388 892 1450 pauca
914 1390 1051 1432 novem:

229 1475 282 1537 An
304 1474 377 1536 lictu
399 1474 430 1535 in
454 1472 584 1536 miseras
606 1458 768 1532 descendit
789 1470 895 1532 fabule
919 1482 1029 1553 gentes

290 1576 335 1638 Et
357 1573 453 1636 timor
475 1574 558 1635 haud
580 1571 664 1632 ultra
686 1591 780 1654 qrrsm
802 1591 906 1654 rogus
927 1591 996 1634 esse
1017 1583 1141 1652 potest.

134 1748 147 1761 „
227 1675 342 1738 Exitus
365 1674 416 1736 hic
441 1675 523 1736 vitae
546 1683 677 1754 superet
699 1671 786 1734 mihi.
833 1674 924 1746 Vos,
951 1671 1066 1753 quibus
1090 1693 1177 1735 arma
1237 1652 1243 1667 ⁸

291 1778 392 1838 Grata
415 1774 533 1857 inagis,
559 1772 669 1838 Crassi
690 1776 780 1856 sigua
802 1773 920 1837 referte
943 1775 1084 1836 domum.

445 1973 524 2033 ms.
547 1969 613 2032 111.
660 1968 840 2030 snecta
863 1968 928 2030 lx.
952 1966 1031 2046 (ιν.
1056 1966 1138 2044 xi.)

230 2094 315 2172 Quid
337 2090 473 2167 nlicere,
498 2110 597 2152 meam
620 2088 647 2150 si
668 2098 776 2150 versat
797 2086 912 2149 semina
935 2084 1033 2149 vitam

291 2195 336 2255 Et
357 2190 456 2254 trahit
479 2190 640 2252 addictum
664 2191 723 2250 sub
746 2209 800 2251 sua
824 2188 891 2249 iura
914 2187 1037 2262 virum,

229 2291 435 2374 Crimiuaque
457 2290 566 2374 ignavi
587 2289 700 2371 capitis
722 2290 797 2352 mihi
820 2289 925 2371 turpia
948 2289 1065 2371 lingis,

293 2393 391 2472 Quod
412 2412 565 2474 nequeam
588 2391 693 2453 fracto
715 2411 866 2472 rumpere
889 2390 1117 2474 vinclaiugo‘?

229 2496 408 2557 Venturam
431 2492 541 2554 melius
563 2490 728 2575 praesagit
750 2491 856 2555 navita
878 2503 1029 2566 noctcm3

291 2592 490 2656 Vulneribus
513 2591 620 2655 didicit
642 2591 730 2654 miles
753 2592 872 2655 habere
896 2607 1024 2656 metum.

165 2728 168 2739 =
227 2695 294 2756 Ista
316 2715 380 2777 ego
401 2693 574 2775 praeterita
595 2692 712 2760 iactavi
734 2695 834 2755 verba
856 2693 1006 2769 iuventa;
1068 2706 1075 2721 “

290 2798 344 2859 Τιι
365 2816 448 2856 nune
470 2796 618 2875 exemplo
642 2793 727 2856 disee
750 2793 863 2857 timere
885 2815 970 2858 meo.

233 2897 364 2959 Colchis
386 2895 558 2978 flagrantes
582 2894 776 2957 adatuantina
801 2894 959 2978 subiuga
982 2906 1095 2961 tauros

291 2995 371 3081 Egit
394 3005 425 3059 ct
447 2996 604 3080 armigera
628 2996 752 3076 proelia
775 2997 857 3058 sevit
878 2998 996 3074 hum03
1306 3002 1336 3062 10

294 3214 339 3261 ³6.
359 3216 438 3260 imme
459 3216 542 3261 Heius.
563 3217 626 3259 roni.
641 3215 725 3259 Burin.
781 3211 822 3259 ll.
841 3217 985 3273 Alcmaeon,
1006 3219 1146 3274 Amphiarai
1162 3218 1246 3274 filius,
1266 3221 1336 3263 maius
1360 3260 1361 3263 ,

226 3285 357 3339 Eriphylae
379 3285 485 3328 occisor.
505 3303 539 3316 -
561 3284 681 3339 Phineus,
710 3285 826 3328 Arcadiae
845 3298 902 3339 rex,
932 3292 1030 3341 propter
1056 3286 1134 3332 fitium
1163 3293 1335 3333 excaecantur
1360 3286 1361 3289 ’

226 3354 279 3396 Diis
299 3357 438 3395 excaecatus
460 3356 484 3396 et
504 3353 664 3407 Harpyiarum
688 3353 790 3410 ingluvie
812 3354 923 3408 punitus,
944 3356 977 3411 (v.
1001 3356 1072 3401 ovid.
1093 3358 1155 3400 Mel.
1182 3356 1215 3411 7,
1237 3357 1261 3402 8.
1291 3357 1334 3401 Vnt.

226 3421 307 3464 Flere.
329 3417 359 3474 4,
380 3415 453 3473 425.)
472 3422 533 3474 apud
551 3420 705 3475 Propertium
725 3421 796 3465 etium
819 3423 842 3465 in
864 3422 939 3467 Orco.

459 3545 462 3551 ⁴
552 3525 607 3569 Lus.
628 3526 672 3569 lll.
702 3524 805 3574 uuo.
827 3527 872 3571 tx.
894 3528 950 3586 (lV.
969 3529 1018 3582 X.)

278 3624 302 3669 5.
314 3623 364 3665 Pro
382 3635 405 3665 v.
418 3621 508 3663 melius
521 3621 628 3664 Marte:
644 3645 676 3653 -
689 3621 795 3676 vetulus,
809 3622 908 3667 Lachm.
923 3626 996 3671 olim:
1013 3647 1041 3657 -
1049 3625 1159 3680 pavidua
1170 3627 1334 3681 suspirabatur.

224 3691 260 3734 lb.
282 3694 386 3732 mortem
405 3689 482 3734 Codri.
506 3689 597 3742 piures.
646 3687 684 3733 13.
713 3689 865 3747 quondome
885 3691 945 3736 Cdd.
967 3694 1015 3737 lac.
1041 3692 1088 3737 La.
1110 3717 1143 3727 -
1162 3701 1253 3739 contro
1271 3709 1283 3739 e
1300 3693 1333 3736 Cd.

224 3760 324 3803 Meulel.
345 3758 434 3815 Vulgo.
491 3755 533 3801 14.
559 3757 727 3812 Penthesilea,
760 3760 907 3804 Aruazonum
933 3763 1017 3819 regina
1045 3762 1075 3805 ab
1102 3763 1199 3808 Achille
1222 3756 1340 3808 interiecta'

223 3829 295 3884 volgo
314 3826 425 3870 traditur.
449 3838 471 3872 t.
498 3826 612 3883 Quintum
636 3827 732 3876 Smyro.
764 3827 820 3871 Lib.
842 3826 866 3872 1.
891 3829 932 3872 s'ed
954 3830 1016 3873 alios
1038 3835 1150 3875 auctores
1169 3831 1194 3874 h.
1215 3833 1233 3875 i.
1254 3834 1339 3889 secutus!

224 3901 261 3940 est
282 3898 374 3937 noster.
442 3892 482 3941 18.
516 3892 640 3954 Gygoeua
657 3895 729 3938 Iocus
755 3896 810 3940 XL.
832 3897 1020 3942 studia‘abarat
1041 3913 1054 3940 a
1077 3897 1205 3943 Sardibus.
1227 3900 1291 3943 Plio.
1309 3895 1333 3947 ⁵,

223 3963 265 4009 29.
327 3958 370 4008 23.
396 3965 430 4007 ita
460 3964 536 4007 Codd.
563 3963 670 4019 plerique
700 3963 729 4007 L.
756 3966 795 4009 At.
816 3965 903 4008 misit:
932 3965 1013 4013 iacob.
1033 3990 1066 3999 -
1084 3968 1198 4010 immissi
1217 3970 1334 4026 vulgo.-

215 4031 275 4085 ,ctu
297 4032 407 4075 Curtium
422 4032 454 4084 5,
476 4031 508 4094 i,
529 4027 571 4073 23.
591 4043 679 4072 murres
707 4032 846 4075 inatrrtctua
875 4033 999 4077 laterculo
1015 4035 1121 4088 coctili,
1151 4031 1335 4079 bituminatae·-

222 4106 277 4153 ται,
308 4100 420 4156 epatium
440 4095 555 4142 XXXII.
583 4095 674 4151 pedum
694 4098 827 4142 latitudine
846 4100 1015 4158 amplectitur.
1061 4101 1210 4163 Qrtoclrt‘goe
1231 4105 1295 4147 inter
1314 4113 1334 4143 rr

224 4172 385 4212 occurrentes
406 4167 462 4210 ciue
487 4163 601 4220 periculo
619 4175 758 4207 romruoora
782 4166 908 4212 dicontur.
966 4167 1008 4214 26.
1028 4183 1137 4229 surgere
1154 4170 1233 4216 Codri.
1254 4181 1334 4214 omnes·

222 4254 256 4269 ι-
282 4233 388 4280 subdere
413 4233 477 4278 coni.
501 4231 584 4273 Burm.
608 4230 678 4283 primi
698 4235 722 4274 et
744 4233 843 4279 Schrad.
870 4241 966 4292 recepta
992 4253 1005 4281 a
1033 4237 1133 4284 Luchm.
1165 4241 1239 4295 prob.
1266 4236 1334 4283 iacob·
